3158 5464
325 553 385 620 102
555 547 749 610 Aur›.Sn1².
792 545 821 610 Τ
844 562 856 608 1
878 563 909 608 r.
932 545 996 610 111.
1038 550 1052 630 ᾗ
1075 547 1136 622 09,
1158 547 1208 608 70.

365 746 396 782 ²⁷
438 742 571 820 capitula
602 740 640 798 69
669 749 696 796 el
726 737 765 796 70
793 738 825 795 iu
854 757 939 796 usum
971 737 1078 795 Frisiae
1106 738 1290 796 occidentalis
1319 740 1428 818 scripta

323 853 433 898 ceneec,
462 831 526 890 ride
555 838 653 886 nolam
681 827 729 890 23,
757 828 898 885 coniicere
917 835 1013 884 aulem
1034 826 1117 885 liceat
1137 827 1183 883 ius
1202 827 1310 886 Frisiac
1331 829 1428 886 crien-

323 923 388 980 telis
417 921 460 979 lais
491 920 523 976 in
541 918 611 976 locis
631 936 695 975 cum
716 917 780 973 iure
800 915 908 974 Frisiae
925 916 1110 972 occidentalis
1129 917 1314 982 consensisse,
1332 937 1426 995 quum

322 1009 515 1086 capitulorum
546 1006 638 1064 verbis
676 1004 810 1062 extremis
840 1004 938 1062 nullae
969 1004 1114 1060 clausulae
1142 1005 1259 1062 addilae
1288 1008 1365 1070 unt,
1394 1008 1428 1064 in

323 1100 430 1174 quibua
457 1096 565 1154 Frisiae
593 1093 741 1150 orientalis
771 1093 816 1148 ius
835 1093 979 1150 diversum
1001 1093 1100 1150 ecdem
1122 1094 1205 1151 modo
1225 1105 1431 1172 exponeretur,

321 1207 379 1263 quc
398 1187 431 1244 ln
449 1183 578 1242 clausula
597 1182 721 1259 capitulo
741 1180 779 1239 68
798 1181 907 1239 adiecta
927 1183 1036 1240 factum
1056 1191 1108 1241 est.

365 1275 396 1310 ¹⁸
438 1275 474 1333 ln
504 1272 631 1350 capitulo
658 1271 899 1329 comesurum
920 1281 984 1336 eet,
1004 1281 1036 1329 ut
1056 1273 1142 1329 home
1161 1272 1211 1346 qui
1232 1291 1299 1330 casu
1319 1283 1347 1330 et
1365 1273 1428 1330 fcr-

322 1366 395 1424 71110
422 1363 512 1420 alium
540 1361 744 1427 vulneraverit,
774 1361 910 1418 mulctam
943 1361 1101 1438 simplicem
1135 1360 1235 1426 solvat,
1255 1362 1348 1418 idest
1369 1371 1427 1418 ler-

322 1456 393 1512 tiam
412 1461 525 1532 panem
545 1451 669 1509 mulctae
688 1468 763 1526 quae
782 1448 917 1507 solvenda
937 1450 1049 1514 fuisset,
1068 1449 1092 1506 si
1112 1449 1189 1506 malo
1208 1451 1307 1506 enimc
1322 1450 1429 1508 vulnus

323 1542 398 1600 illud
428 1539 538 1598 homini
557 1539 678 1602 fecisset,
697 1537 766 1614 quia
786 1537 909 1594 mulctae
928 1538 1070 1612 plurimae
1090 1538 1159 1613 legis
1179 1537 1303 1595 Frisicae
1324 1539 1428 1596 veteris

323 1628 515 1706 triplicandam
545 1636 629 1685 eraut
657 1635 795 1701 tempore,
824 1645 881 1701 quc
912 1626 1027 1683 Addilic
1046 1626 1117 1704 legis
1136 1626 1298 1684 Frisicnum
1319 1627 1427 1683 conde-

323 1718 421 1784 batur,
450 1718 525 1774 ccnl.
555 1715 676 1792 praefat.
694 1715 749 1790 leg.
770 1713 842 1771 Fris.
862 1732 928 1790 pag.
958 1713 1049 1780 XLll,
1067 1724 1094 1772 el
1115 1715 1178 1772 ride
1198 1734 1272 1791 quae
1292 1715 1328 1772 de
1348 1715 1427 1771 male

322 1808 421 1864 enimc
449 1806 480 1862 in
501 1812 567 1861 nole
587 1803 634 1863 59.
654 1823 684 1879 p.
705 1802 743 1860 69
770 1803 907 1860 adnotata
939 1812 1016 1860 sunl.
1056 1803 1097 1860 lle
1116 1803 1179 1860 iure
1199 1804 1306 1864 Frisiec
1325 1822 1427 1861 recen·

324 1897 394 1953 licre
424 1894 488 1952 ride
518 1893 595 1950 loces
623 1893 655 1950 in
684 1899 751 1948 nola
780 1889 830 1956 24,
850 1892 928 1948 etin
948 1891 1202 1951 Friee0'Wirler·b.
1223 1913 1252 1969 p.
1277 1892 1349 1950 1107
1369 1894 1426 1950 sub

323 1984 441 2042 uocibus
468 1983 604 2040 unwelde
623 1990 651 2038 el
670 1983 796 2038 narville
814 1980 955 2038 laudatos.
994 1981 1036 2038 Ex
1054 1982 1168 2057 legibus
1187 1983 1312 2039 aliorum
1332 2003 1426 2059 pepu-

322 2073 418 2130 lcrum
438 2070 672 2129 Germanicorum
692 2069 784 2128 affere
803 2070 962 2144 capitulum
984 2068 1002 2125 5
1023 2071 1099 2126 rituli
1119 2070 1174 2127 Xll
1193 2071 1265 2148 legis
1284 2072 1353 2130 Sex.
1365 2073 1425 2146 (ed.

322 2160 434 2220 Merkel
459 2178 484 2219 c.
514 2159 582 2237 59)=
612 2161 641 2214 ei
650 2160 779 2233 sermm
800 2177 892 2214 manu
911 2160 1047 2232 clupeum
1066 2161 1213 2218 hminem
1225 2164 1428 2236 perorassent,

323 2252 362 2307 ab
389 2268 419 2306 ec
448 2251 534 2306 cuiue
563 2266 688 2304 nannum
708 2248 855 2321 fugerat,
884 2256 1089 2319 componatur,
1118 2259 1241 2324 eaccepte
1251 2252 1377 2324 saida,·
1398 2259 1426 2307 et

323 2357 386 2414 cap.
414 2335 433 2394 8
461 2336 504 2394 117.
533 2335 649 2410 Xlegis
670 2335 809 2411 Thuring.
830 2335 889 2408 (ed.
910 2334 1018 2392 Merkel
1040 2336 1077 2401 V,
1099 2336 1145 2408 6):
1168 2340 1222 2412 qui
1241 2341 1352 2402 nolens,
1370 2340 1428 2396 sed

322 2445 393 2484 caere
421 2426 568 2500 quelibet,
599 2425 746 2480 hominem
775 2425 981 2480 vulneraverit
1011 2426 1057 2481 vel
1086 2426 1253 2485 ceciderit,
1282 2431 1426 2502 comperi-

324 2519 433 2572 tr'cnem
463 2515 633 2588 legitimam
661 2513 781 2578 solean
811 2520 839 2567 et
870 2511 961 2568 Edict.
990 2511 1109 2571 Ilctlrar.
1140 2532 1202 2590 cap.
1232 2513 1298 2573 389.
1349 2515 1425 2575 Vide

324 2602 424 2660 Wilda
442 2618 507 2676 pag.
528 2598 595 2656 547.
616 2597 682 2656 558.
704 2597 770 2656 643.

363 2693 394 2728 ²⁹
437 2687 551 2747 llercld.
571 2697 692 2754 teneam
710 2686 824 2745 emend.
847 2693 931 2744 tenet.

365 2781 395 2818 ³⁰
436 2777 503 2836 ller.
523 2783 718 2852 ccrnpcnctur
726 2795 740 2842 ,·
759 2795 817 2833 em.
839 2784 1001 2850 ccrnpcnct.

362 2869 393 2906 ³¹
435 2867 480 2925 ef.
499 2875 558 2923 nct.
577 2865 625 2922 21.

363 2958 393 2994 ⁸²
435 2955 522 3013 Puer
550 2955 604 3029 qui
632 2953 765 3010 nondum
798 2949 834 3007 l2
865 2971 957 3009 aanor
985 2954 1083 3020 bader,
1103 2955 1123 3012 i.
1142 2974 1167 3011 e.
1186 2975 1260 3034 puer
1277 2959 1426 3035 impubes,

319 3046 432 3105 statutis
459 3041 573 3099 Frieicie
601 3041 808 3098 recenlioribus
827 3041 917 3096 latine
935 3041 1048 3117 scriptis
1067 3043 1251 3103 nominatur:
1265 3066 1349 3122 puer
1367 3069 1425 3105 arr·

322 3143 441 3210 tequam
460 3132 546 3188 habet
565 3147 669 3192 annea,
689 3127 778 3184 FrIes·
799 3128 932 3203 11064180·
951 3148 980 3205 p·
1010 3128 1059 3194 12,
1078 3129 1127 3196 28,
1141 3152 1225 3207 perer
1245 3139 1276 3208 (a
1289 3137 1425 3212 infans'')

320 3224 408 3296 infru
427 3237 520 3278 annce
540 3218 612 3292 (ain
631 3216 763 3293 ennie'')·
782 3216 854 3273 ibid·
873 3236 939 3292 pag·
961 3217 1010 3283 46,
1039 3218 1080 3277 Ι5.
1102 3220 1148 3278 27.
1170 3221 1224 3288 60,
1243 3225 1290 3283 30.
1312 3225 1363 3288 66.
1374 3227 1424 3284 23.

323 3312 389 3375 137,
415 3309 452 3375 8,
466 3327 549 3384 puer
575 3308 663 3382 infra
683 3308 831 3382 legitimos
848 3325 952 3370 annor,
971 3305 1043 3366 ibid.
1062 3328 1091 3384 p.
1115 3309 1182 3376 104,
1199 3311 1247 3370 32.
1286 3313 1370 3372 Libri
1390 3317 1424 3374 in

319 3417 452 3459 sermone
482 3396 588 3454 Frisicc
618 3394 719 3471 scripti
748 3394 1424 3463 «11001117ιί01ἰηάεη,ονΙιίαίοΙιὶαωίσ-

319 3509 384 3548 rem
413 3505 512 3545 comen
542 3488 617 3549 sint,
645 3484 717 3542 ibid.
749 3503 779 3559 p.
810 3483 879 3550 429,
908 3484 965 3550 13,
995 3487 1088 3546 confir
1116 3491 1183 3546 und
1211 3493 1273 3548 thet
1294 3493 1375 3550 kind
1393 3503 1422 3552 tc

319 3581 419 3636 ieram
449 3592 544 3638 cume,
570 3571 643 3630 ibid.
662 3590 693 3648 p.
714 3571 784 3638 330,
803 3573 850 3631 31.
884 3573 950 3639 196,
968 3573 1022 3640 21,
1043 3596 1077 3632 er
1096 3580 1159 3636 thet
1178 3579 1257 3636 kind
1275 3583 1374 3639 iereclr
1394 3603 1424 3639 ee

318 3666 363 3724 rel
391 3666 453 3724 lbet
482 3664 625 3736 arnierege
657 3662 739 3725 berre,
757 3661 832 3718 conf.
852 3661 927 3718 lccce
947 3662 1049 3722 allalce
1067 3666 1101 3723 in
1120 3665 1209 3726 ll'ries.
1230 3667 1377 3728 Wdrterb.
1398 3691 1422 3728 s.

319 3773 347 3814 r.
378 3754 476 3811 icreclr
502 3758 530 3808 el
558 3751 709 3808 uniercclr.
756 3751 853 3806 Aetate
881 3749 1032 3810 duodecim
1051 3773 1195 3813 annorum
1215 3758 1305 3814 tutela
1324 3760 1423 3835 impu·

316 3846 420 3902 berum
450 3839 536 3915 (Fris.
568 3840 638 3896 thiu
665 3837 832 3912 mzrndskip
860 3840 946 3896 lbera
975 3843 1119 3920 unierigc
1140 3844 1284 3918 lre'rrdena)
1303 3849 1336 3904 in
1356 3849 1421 3911 iure

316 3932 423 3990 Frieicc
451 3929 538 3986 finita
567 3935 647 3991 erata
677 3927 753 3984 ccnf.
786 3927 875 3986 Friee.
903 3927 1035 4005 Rechlsq.
1061 3951 1091 4007 p.
1113 3932 1181 4000 329,
1204 3933 1249 3992 19.
1269 3934 1323 3994 301
1347 3935 1361 4012 ξ
1381 3936 1422 3994 20

316 4021 374 4097 (rel
393 4019 455 4076 fris.
476 4018 508 4073 in
527 4015 588 4073 MS.
608 4033 672 4072 mec
691 4014 800 4091 Firelg.
819 4036 850 4090 p.
873 4015 951 4092 115).
972 4016 1040 4083 389,
1059 4019 1106 4078 25.
1127 4019 1195 4088 420,
1213 4022 1233 4080 8
1251 4032 1280 4080 et
1303 4023 1338 4080 14
1362 4025 1421 4098 (rel

315 4109 347 4165 in
377 4107 429 4165 Me.
460 4124 523 4162 mec
552 4103 659 4180 Firelg.
687 4122 719 4180 p.
738 4102 777 4160 28
796 4112 825 4161 et
844 4102 904 4177 29).
923 4103 982 4162 244
1002 4116 1061 4166 not.
1084 4109 1109 4166 1.
1149 4110 1192 4168 lle
1210 4111 1273 4169 iure
1292 4113 1418 4170 aliorum

314 4195 487 4273 populorum
516 4193 752 4250 Germanicorum
783 4212 849 4250 curn
869 4193 933 4251 iure
952 4194 1059 4254 Frisicc
1078 4202 1283 4266 consentiente,
1301 4220 1336 4258 ac
1355 4222 1419 4259 rer·

315 4285 360 4342 bis
387 4284 494 4358 quibus
521 4282 622 4358 populi
650 4281 695 4338 illi
725 4289 857 4349 utuntur,
886 4290 919 4340 ut
938 4292 1059 4343 aetatem
1080 4287 1221 4347 minorem
1241 4291 1418 4373 exprimant,

309 4390 386 4449 quae
416 4370 454 4427 ad
484 4371 572 4428 verba
602 4369 699 4446 legum
728 4370 903 4429 Frisicarum
935 4384 1111 4450 congruunt,
1142 4376 1205 4436 ride
1225 4378 1320 4436 Kraul
1341 4380 1417 4440 Vor-
