3144 5460
751 569 822 617 ΗΧ
842 565 1049 616 mirionum.

741 771 878 838 TIT.
925 769 1079 838 xmo.

666 996 715 1044 DE
739 993 877 1044 sumo
900 991 1144 1044 memmerunt.

902 1197 924 1244 r.

404 1291 471 1373 Qui
507 1311 580 1356 enm
616 1287 732 1354 ancilia
766 1285 916 1364 alterius,
946 1304 1031 1371 quse
1053 1307 1113 1350 neo
1136 1283 1279 1372 mulgere
1304 1301 1377 1350 nec
1402 1307 1476 1350 mo·-

356 1397 424 1466 lere
456 1397 554 1474 solet,
590 1416 687 1480 quem
723 1387 912 1479 bortmeged
944 1402 1060 1456 vocent
1076 1394 1120 1478 93,
1163 1390 1355 1458 moechatus
1398 1391 1477 1456 fue-

356 1505 415 1584 rit,
447 1503 622 1568 solidorum
650 1495 727 1564 XII
758 1495 935 1562 muloteml
972 1494 1100 1562 domino
1124 1496 1193 1562 eius
1228 1507 1374 1583 cogatur
1416 1520 1476 1560 exe

356 1609 494 1676 solvere.

745 1981 880 2048 TIT.
928 1979 1020 2047 XIV
1040 1989 1065 2046 2¹.

618 2181 667 2228 DE
690 2179 832 2228 nonme
857 2180 895 2228 m
919 2179 1038 2228 TUBBA
1063 2179 1204 2229 occlsot.

902 2359 925 2405 r.

404 2451 440 2518 Si
474 2451 570 2516 homo
606 2446 758 2533 quislibet
793 2447 827 2511 in
862 2443 1016 2512 seditione
1044 2467 1082 2511 ee
1105 2447 1201 2513 turba
1224 2450 1337 2537 populi
1361 2450 1470 2517 fuerit

357 2555 568 2634 interfectus,
598 2575 659 2618 neo
695 2551 854 2618 homicida
884 2553 1003 2637 poterit
1030 2553 1171 2626 inveniri
1192 2568 1325 2643 propter
1349 2559 1468 2623 multi.

356 2662 500 2729 tudinem
535 2681 648 2725 eorum
683 2659 740 2744 qni
774 2655 927 2736 ederent,
958 2655 1034 2723 licet
1061 2660 1090 2724 ei
1115 2660 1171 2745 qni
1196 2663 1468 2748 compositionem-

356 2769 457 2858 ipeius
489 2788 646 2854 quaerere
681 2763 769 2844 vult,
806 2763 847 2829 de
882 2760 1054 2828 homicidio
1091 2787 1194 2851 nsque
1225 2765 1267 2830 od
1302 2775 1462 2855 septem³
1522 2793 1523 2796 ¹

357 2875 502 2941 homines
524 2870 737 2958 interpellare,
761 2881 794 2934 et
817 2869 992 2954 unicuique
1016 2891 1127 2936 eornm
1152 2872 1271 2938 crimen
1295 2873 1462 2940 homicidii

358 2981 518 3056 obiicere,¹
537 2988 571 3041 et
595 2974 689 3040 debet
712 2976 935 3058 unusquisqne
959 2996 1071 3040 eorum
1094 2998 1153 3042 sue
1177 2976 1368 3044 duodecima
1392 3003 1462 3045 me·

358 3108 404 3150 nu
436 3083 552 3149 obiecti
576 3079 715 3146 criminis
746 3101 780 3143 se
808 3079 980 3164 purificare
1011 3093 1219 3148 sacramento.
1266 3083 1361 3149 Tunc
1399 3086 1468 3150 du·-

358 3188 452 3256 oendi
476 3197 552 3252 sunt
575 3184 617 3252 ed
640 3183 860 3263 basilicam„et
875 3195 976 3252 sortes
993 3207 1091 3273 super
1107 3189 1401 3255 altare-mittendae
1422 3193 1469 3267 ³*‚.

358 3297 412 3362 vel
448 3295 473 3360 ei
513 3294 605 3358 iuxta
639 3290 824 3380 eeclesiam„
844 3289 914 3358 fieri
950 3311 1015 3354 non
1049 3294 1207 3378 potuerit,
1248 3318 1345 3382 super
1385 3297 1461 3361 reli·

359 3404 451 3489 quiae
491 3408 683 3464 sanctorum.
743 3394 837 3481 Quae
861 3400 996 3460 sortes⁴
1029 3397 1110 3462 tales
1132 3422 1201 3465 esse
1225 3400 1360 3467 debentr
1393 3402 1469 3466 duo

358 3507 444 3573 tali⁵
479 3504 519 3568 de
554 3504 648 3590 virge
678 3502 814 3587 praecisi
839 3508 865 3582 6,
883 3522 965 3588 quos
1000 3505 1120 3568 tenos⁷
1154 3519 1287 3587 vocant,
1319 3530 1467 3593 quorumv

360 3633 445 3678 unus
483 3608 576 3696 signo
615 3606 723 3672 erneis
756 3605 920 3672 innotatur
938 3612 970 3688 ⁸,
1012 3608 1094 3673 elius
1131 3633 1235 3698 purus
1270 3613 1468 3692 dimittitur‚.

360 3729 393 3784 et
428 3716 502 3781 lane
535 3710 656 3779 munda
691 3712 837 3778 obuolnti
866 3735 963 3799 snper
993 3715 1095 3781 altare
1118 3739 1175 3782 seu
1210 3719 1362 3804 reliquiae
1387 3721 1460 3785 mit-

360 3833 492 3898 tuntur3
528 3829 561 3885 et
596 3818 765 3905 preshyter
796 3817 821 3881 si
850 3815 1015 3899 adfuerit,¹
1043 3820 1096 3886 vel
1119 3823 1146 3887 si
1169 3825 1339 3912 presbyter-
1370 3825 1460 3892 deest

361 3951 444 4016 puer
482 3924 622 4012 quilibet:
653 3924 821 4003 innoeens,
858 3946 959 3990 unum
996 3921 1036 3989 de
1070 3927 1154 4013 ipsis·
1180 3929 1321 3996 sortibus
1351 3928 1392 3995 de
1417 3930 1465 3994 el·-

362 4035 424 4099 tari
459 4030 581 4100 tollere
610 4028 706 4095 debet
714 4053 723 4106 3
754 4039 786 4094 et
821 4030 949 4095 interim
985 4029 1076 4097 Deus
1116 4034 1316 4116 exorandus,
1352 4036 1378 4100 si
1415 4035 1467 4102 illi.

363 4150 511 4225 septem,⁴
533 4137 589 4221 qui
626 4133 666 4200 de
701 4135 872 4200 homicidio
908 4137 1074 4203 oommisso
1109 4139 1318 4221 iuraverunt,
1347 4166 1468 4208 verum-

363 4245 537 4320 iuraseent,
574 4240 715 4308 evidenti
751 4242 842 4332 signo
880 4240 1045 4308 ostendet..
1083 4241 1126 4310 si.
1149 4246 1242 4312 illum
1274 4250 1329 4333 qui
1366 4269 1469 4314 cruce

361 4349 507 4446 signatus
531 4356 579 4411 est
603 4344 785 4426 sustulerit,
817 4347 1001 4416 innocentes
1026 4361 1137 4430 erunt,
1171 4353 1226 4441 qni
1255 4354 1471 4430 inmerente
