3144 5460
274 1307 458 1414 LEX
523 1303 1094 1413 nnlslonbrl

187 1569 331 1616 EDEN'FE
354 1565 502 1615 KAROLO
526 1565 659 1614 Lrnnlto
683 1564 830 1612 BARONF
854 1565 903 1614 DF
926 1564 1161 1618 morimonte

527 1757 549 1804 1.
573 1756 608 1804 U.
632 1756 678 1804 ΕΤ
701 1756 760 1804 ΡΗ.
784 1756 843 1803 Da.

180 1999 209 2064 1.
260 1955 399 2064 Nullus
422 1997 550 2063 omnino
574 1995 654 2083 legis
678 1993 861 2061 Frisiorum
876 1992 979 2086 codex
994 1999 1232 2087 manuscriptus

130 2116 228 2172 restet
251 2107 284 2172 in
308 2104 454 2192 plurimis
476 2102 540 2168 illis
563 2101 763 2167 bibliothecis
787 2111 819 2166 et
842 2100 991 2181 archivis,
1019 2113 1127 2171 nostro
1151 2115 1231 2173 tem-

129 2235 208 2298 pore
232 2210 274 2276 ad
297 2211 511 2276 Monumenta
535 2206 729 2273 Germaniae
754 2207 879 2272 edenda
902 2209 1102 2294 perquisitis;
1129 2234 1167 2278 ac
1190 2237 1231 2279 ne

129 2317 295 2405 cognitum
330 2313 462 2401 quidem
496 2312 651 2378 habemus
687 2311 827 2376 codicem
859 2313 1128 2401 manuscriptum,
1166 2339 1231 2404 quo

128 2444 207 2487 usus
231 2432 279 2487 est
302 2419 445 2499 Herold,
477 2419 600 2506 primus
626 2418 707 2504 legis
730 2416 915 2482 Frisiorum
939 2417 1044 2486 editor
1064 2423 1075 2470 1
1094 2446 1104 2499 ;
1123 2435 1231 2508 poste·

128 2528 228 2593 riores
259 2549 338 2592 vero
370 2526 451 2612 legis
483 2523 657 2600 editiones,
695 2545 833 2608 quarum
864 2521 1035 2590 duodecim
1058 2545 1230 2594 numeran-

129 2643 183 2699 tur
202 2637 228 2712 ²,
251 2641 377 2698 textum
400 2639 550 2718 repetunt
567 2627 813 2708 Heroldianum,
829 2628 1021 2695 coniecturis
1038 2631 1229 2717 quibusdam

134 2801 277 2816 -Η

166 2876 177 2920 1
213 2870 245 2919 In
262 2869 330 2919 libro
347 2867 472 2932 inscripto
490 2864 651 2930 „Originum
668 2877 699 2914 ac
717 2863 931 2916 Germanicarum
958 2867 1137 2930 antiquitatum
1154 2869 1232 2934 libri,

129 2966 209 3016 opera
232 2949 326 2998 Basilii
352 2946 459 2996 Ioannis
475 2945 635 3008 Herold,
652 2945 884 3009 Basilcae.1557'',
901 2947 968 2997 inter
985 2947 1097 3012 „legem
1116 2947 1231 3014 Anglio·

127 3047 185 3082 rum
211 3036 238 3080 et
262 3027 429 3078 Werinorum
453 3026 505 3076 hoc
531 3030 570 3076 est
594 3025 804 3088 Thuringorum''
830 3031 856 3075 et
873 3027 972 3090 „leges
989 3027 1229 3095 Burgundionum'’,
1284 3022 1286 3026 ’

127 3111 196 3176 typis
212 3111 352 3174 impressus
370 3112 410 3157 est
426 3121 452 3170 p.
473 3111 605 3156 131-119
624 3105 714 3170 „legis
738 3105 888 3156 Frisiorum
907 3107 998 3157 liber'.
1015 3107 1047 3157 In
1064 3109 1123 3172 lege
1141 3107 1231 3176 §alica

127 3192 228 3242 edenda
244 3187 345 3239 Herold
362 3199 425 3235 rsus
442 3191 481 3235 est
499 3185 589 3235 codice
606 3184 782 3248 manuscripto
798 3183 937 3248 Frldersi3
957 3186 1145 3250 praefationem
1169 3191 1230 3242 libri

126 3271 282 3322 Heroldiari
307 3267 404 3331 legenti
430 3271 568 3316 occurrunt
590 3266 685 3316 verba:
703 3265 884 3331 „sanctissimi
902 3267 971 3316 senis
988 3267 1141 3332 Wolfgangi
1159 3272 1230 3334 prir-

128 3351 193 3416 cipis
218 3349 356 3400 Fuldensis
380 3347 491 3412 pietate,
508 3346 534 3395 in
559 3359 651 3395 manus
668 3345 732 3393 mihi
751 3345 906 3393 devenerunt
922 3345 994 3408 leges
1012 3345 1146 3410 Salicae'';
1164 3350 1231 3401 inter

127 3446 188 3494 eos,
215 3429 286 3496 „qui
312 3427 509 3477 communicatis
535 3424 727 3488 exemplaribus
753 3422 898 3486 aliquibus,
924 3424 1091 3475 collationem
1107 3425 1231 3480 Heroldi-

127 3526 204 3562 anam
227 3507 412 3570 iuraverunt',
438 3506 471 3555 ab
498 3509 605 3554 auctore
630 3503 797 3552 nominantur
824 3503 873 3552 riri
891 3503 961 3553 docti
978 3503 1156 3570 Basilierres,
1174 3509 1230 3561 Me.

127 3592 308 3650 diolanersss,
334 3585 554 3646 wormatienses,
582 3583 664 3634 abbas
689 3581 716 3633 S.
732 3581 853 3632 Meuricii
869 3582 897 3630 ir
914 3581 1039 3645 Falesia,
1058 3593 1084 3635 et
1100 3587 1230 3640 Klenkar.

127 3671 175 3722 dus
199 3667 414 3730 iurisconsultus3
433 3665 537 3716 silentio
562 3663 686 3729 praeterit
703 3663 791 3713 locum
810 3676 843 3712 ex
861 3676 913 3727 quo
931 3664 1028 3727 recepit
1046 3669 1144 3718 textum
1162 3669 1229 3735 legis

125 3751 283 3801 Frisiorum.

161 3837 176 3880 2
210 3830 310 3892 Legem
335 3825 484 3875 Frisiorum
506 3830 567 3890 port
592 3823 732 3874 editionem
758 3822 946 3872 Heroldianam
972 3821 1185 3886 publicaverunt:
1204 3837 1228 3883 2.

125 3911 274 3964 Fridericus
291 3906 409 3956 Linde
421 3905 550 3968 rbrog:
586 3902 678 3954 Codex
695 3903 783 3966 legum
802 3903 974 3965 antiquarum.
1007 3901 1130 3955 Francos.
1153 3911 1227 3962 1616.

124 3991 171 4042 fol.
188 4005 215 4056 p.
231 3991 375 4039 rso-508.
408 3991 432 4036 6.
450 3983 561 4035 Sibrard
579 3981 641 4034 flio
654 3996 762 4033 osma:
781 3981 839 4032 Lex
862 3981 1012 4030 Frisiorum
1030 3981 1085 4032 rire
1102 3986 1225 4049 antiquae

124 4071 273 4124 Frisiorum
296 4068 377 4131 leges.
419 4064 584 4115 Frauekcrue
613 4064 687 4113 1617.
713 4065 737 4112 4.
772 4066 797 4111 4.
822 4059 973 4125 (Christian.
991 4059 1226 4135 Schotarusp

124 4149 318 4215 Beschryvinge
343 4160 394 4195 var
421 4146 453 4195 de
477 4143 666 4208 Heerlyolrheit
690 4157 740 4192 rar
761 4141 909 4192 Frieslandt
926 4139 1047 4192 tusschen
1063 4140 1082 4190 ’t
1098 4142 1157 4196 Flie
1175 4151 1225 4200 end

125 4233 157 4283 de
182 4231 315 4280 Lauwers.
342 4222 445 4295 (1664.)
472 4224 519 4276 iol.
543 4239 570 4289 p.
596 4227 705 4273 23-35.
741 4227 768 4274 5.
795 4221 825 4272 O.
843 4219 876 4271 G.
893 4219 1070 4272 Gt'trtnerr
1089 4220 1223 4282 Saxonum

124 4313 270 4376 legestres3
289 4309 399 4360 accessit
414 4308 460 4358 lex
476 4305 621 4356 Frisiorum
638 4318 696 4354 cum
713 4304 782 4354 rotie
799 4297 826 4352 S.
844 4301 987 4353 siccamus
1020 4301 1095 4366 Irips.
1116 4307 1223 4368 17664,

124 4397 148 4444 o.
182 4391 215 4442 P.
239 4388 464 4455 Georgisch:
492 4385 676 4454 (impurioris
697 4381 854 4438 Germanioi.
889 4381 975 4434 Halae
996 4381 1068 4435 ttae.
1087 4386 1111 4433 4.
1147 4389 1169 4440 7,
1189 4387 1223 4444 G,
