3144 5460
345 531 437 578 xvln
748 529 818 576 LEX
837 525 1040 574 rslstouurt.

346 755 413 822 quo
438 754 583 798 sermone
607 729 759 819 Anglico,
782 753 885 796 sermo
909 729 1033 796 Frisiae
1055 730 1179 796 mediae
1194 753 1268 796 cum
1284 754 1334 810 eo,
1349 754 1449 818 quem

347 839 484 925 legimus
516 838 549 902 in
573 835 770 902 documentis
794 835 846 901 vel
870 836 959 902 libris
983 837 1124 922 antiquis
1147 835 1312 902 Saxonum
1336 836 1450 904 West·

347 944 515 1011 salensium
522 967 532 1020 ;
568 941 704 1007 sermoni
736 953 843 1007 autem
876 941 1045 1027 utriusque
1069 953 1174 1008 terrae
1198 941 1322 1008 Frisico
1346 964 1450 1030 oppo-

347 1050 473 1116 nendus
504 1064 552 1114 est
583 1069 687 1114 sermo
718 1046 861 1112 Frisicus
892 1047 1137 1113 occidentalium
1164 1047 1365 1126 Frisionum,
1390 1048 1451 1133 qut

348 1155 480 1243 quidem
511 1177 585 1219 cum
616 1153 744 1240 lingua,
775 1176 872 1238 quam
903 1150 1015 1218 dicunt
1047 1153 1174 1218 saeculo
1202 1153 1298 1219 tertio
1324 1152 1450 1218 decimo

347 1260 586 1339 Brahantinam,
611 1258 799 1345 cognatione
823 1257 960 1344 quadam
984 1260 1166 1325 continetur
1183 1263 1224 1323 ²2.

395 1362 550 1432 Sermone
581 1375 614 1430 et
648 1365 718 1429 iure
753 1364 844 1428 uobis
879 1363 998 1429 tradito
1032 1365 1176 1452 singulos
1211 1361 1452 1428 Germanorum

347 1472 484 1559 populos
515 1470 612 1535 medii
643 1471 713 1534 aevi
742 1470 877 1533 maxime
900 1469 1127 1548 discernimus,
1163 1471 1324 1555 usquein
1350 1467 1452 1534 dubio

348 1578 530 1663 relinquere
555 1575 650 1641 velim
673 1575 817 1640 homines
840 1579 926 1661 ipsos
949 1573 1089 1640 Frisicos
1113 1587 1178 1642 tres
1202 1587 1309 1662 partes
1324 1574 1453 1640 Frisiae

349 1695 428 1748 tunc
455 1682 650 1758 habitantes,
682 1702 821 1764 quorum
845 1702 948 1744 sermo
972 1681 1077 1744 etius
1101 1678 1195 1746 modo
1219 1681 1306 1745 dicto
1329 1679 1453 1747 diacre·

348 1789 448 1875 pavit,
472 1788 576 1851 animo
601 1796 634 1851 et
656 1808 790 1872 corpore
814 1796 846 1850 et
870 1786 954 1850 omni
978 1809 1099 1876 genere
1122 1787 1254 1853 vivendi
1277 1785 1452 1866 Frisiones,

349 1915 455 1979 neque
479 1903 585 1958 tamen
610 1891 738 1956 omuino
762 1890 861 1956 fuisse
886 1889 1015 1958 eosdem
1034 1896 1076 1970 23,
1099 1902 1133 1957 et
1156 1891 1239 1958 hanc
1263 1893 1303 1958 ob
1320 1915 1454 1958 causam

349 2011 494 2087 tempore
525 1997 744 2081 antiquissimo
776 1997 903 2060 nomina
934 1997 1061 2062 diversa
1084 1996 1242 2062 hahuisse.
1291 1997 1455 2084 Tempore

348 2104 568 2170 Romanorum
598 2100 762 2165 Frisiones
789 2101 873 2166 inter
904 2100 958 2165 Fli
989 2111 1023 2165 et
1053 2099 1221 2168 Laubachi
1252 2104 1453 2182 habitantes,

350 2221 387 2275 ut
410 2210 565 2274 hodierno
590 2206 651 2286 die,
674 2206 837 2274 Frisiones
861 2208 1072 2285 vocabantur3
1096 2207 1259 2274 Frisioues
1283 2210 1455 2276 orientales

349 2339 465 2380 nomen
498 2309 704 2377 Chaucorum
736 2312 894 2376 minorum
925 2313 1125 2392 hahuerunt,
1157 2326 1190 2379 et
1213 2313 1376 2380 Frisiones
1399 2339 1455 2381 oc-

350 2420 524 2487 cidentales
548 2419 696 2504 pluribus
719 2417 900 2482 nominibus
924 2430 1014 2482 eraut
1037 2418 1195 2498 distincti3
1218 2421 1345 2486 Plinius
1369 2423 1455 2486 enim

350 2525 467 2603 refert,
499 2524 618 2588 insulas
642 2522 838 2601 Frisiorum,
863 2519 1087 2602 Chaucorum,
1111 2523 1353 2606 Frisiabonum,
1377 2525 1456 2593 Stu-

351 2633 484 2708 riorum,
500 2628 733 2705 Marsacorum,
761 2629 845 2692 inter
869 2626 1000 2692 Helium
1025 2627 1229 2719 (Vahalimi)
1254 2655 1291 2697 ac
1315 2632 1455 2698 Flevum

352 2737 460 2802 sterni.
507 2734 606 2799 Fines
630 2732 813 2798 Frisionum
838 2731 1080 2798 occidentalium
1105 2734 1211 2800 medio
1227 2760 1308 2803 aevo
1324 2763 1344 2802 a
1359 2737 1455 2805 Mosa

352 2865 456 2927 usque
488 2840 529 2906 ad
560 2840 696 2904 fluvium
727 2836 851 2904 Sinkfal
877 2849 968 2904 erant
991 2841 1146 2925 promoti3
1178 2865 1284 2927 neque
1307 2842 1455 2925 Amasis,

354 2957 393 3012 ut
416 2955 553 3011 testatur
576 2943 792 3021 Ptolemaeus,
816 2943 873 3007 sed
896 2943 1016 3008 flumen
1039 2944 1217 3025 Lauhachi,
1241 2971 1297 3013 sex
1321 2951 1457 3017 miliaria

353 3053 388 3118 iu
420 3049 615 3115 occidentem
646 3070 759 3113 versus
784 3047 824 3113 ab
847 3047 961 3113 Amasi
984 3060 1160 3130 remotum,
1192 3055 1360 3138 separabat
1382 3055 1457 3122 Fri-

357 3157 462 3220 siones
485 3152 606 3220 medios
629 3164 664 3218 et
688 3149 854 3231 Chaucos,
882 3151 915 3218 id
939 3165 987 3220 est
1012 3154 1128 3241 Hugas
1153 3157 1204 3221 vel
1229 3158 1338 3246 Huga,
1362 3173 1400 3226 ut
1424 3164 1456 3228 in

356 3283 502 3330 sermone
525 3257 786 3346 Anglosaxonico
811 3268 844 3322 et
866 3257 990 3323 Frisico
1013 3260 1210 3340 scribuntur,
1238 3286 1376 3351 quorum
1400 3292 1459 3354 pa-

359 3393 437 3455 gum
472 3367 669 3432 terminalem
705 3365 929 3456 Hug·merke,
965 3366 998 3431 in
1034 3367 1105 3452 ripa
1139 3369 1286 3437 orientali
1319 3372 1459 3440 fluminis

343 3512 499 3528 ψ

394 3613 426 3656 22
461 3605 650 3652 Documentum
682 3601 887 3662 antiquissimum
914 3603 1054 3666 sermonis,
1082 3620 1133 3669 quo
1159 3609 1297 3660 utebantur
1324 3612 1459 3666 Frisionea

359 3686 547 3745 occidentales,
573 3697 691 3732 censeam
717 3695 773 3730 esse
796 3683 876 3732 verba
900 3681 1070 3746 Germanica,
1097 3700 1164 3748 quae
1190 3689 1217 3738 in
1234 3691 1292 3754 lego
1310 3693 1459 3746 Frisionum

358 3769 434 3819 nobis
453 3770 604 3825 occurruut;
624 3763 683 3811 ride
710 3775 777 3824 quae
796 3763 829 3810 ad
847 3762 912 3812 haec
930 3763 1008 3811 verba
1027 3763 1059 3814 de
1076 3779 1167 3816 eorum
1185 3769 1274 3822 formis
1293 3774 1416 3826 adnotavi
1432 3778 1460 3827 in

355 3848 423 3913 legis
440 3847 587 3896 Frisiorum
604 3843 727 3893 editione.

394 3935 426 3978 23
462 3926 586 3977 Conferas
618 3922 698 3971 verba
731 3935 797 3984 quae
829 3922 949 3986 leguntur
975 3923 1002 3971 in
1027 3922 1093 3974 Vita
1120 3924 1147 3975 S.
1173 3927 1303 3980 Bonifacii
1329 3949 1387 4000 cap.
1412 3942 1457 3988 34:

363 4007 430 4060 Gerra
446 4006 579 4056 hieronem
595 4003 793 4052 interiacentibus
809 4003 881 4065 aquis
900 4003 924 4052 in
942 4003 1027 4052 multos
1044 4022 1159 4069 aqrorum
1176 4008 1295 4060 dividitur
1309 4032 1389 4080 payos
1397 4052 1405 4075 ‚
1425 4018 1462 4068 ita

359 4100 385 4140 ut
410 4087 515 4139 diversis
541 4082 662 4150 appellati
678 4082 811 4131 nonrr'nihua
828 4082 903 4131 unius
921 4091 998 4132 tumen
1014 4085 1094 4149 ocutis
1108 4089 1282 4152 proprietatem
1296 4096 1463 4160 protendunt,

359 4172 434 4222 Mon.
460 4167 493 4217 G.
520 4164 568 4216 SS.
593 4163 631 4213 ΙΙ.
657 4178 683 4227 p.
711 4168 777 4222 349,
802 4169 828 4212 et
854 4176 920 4225 quac
947 4163 1010 4212 dicit
1027 4163 1098 4215 Saxo
1116 4172 1299 4231 grammatica,
1317 4175 1349 4225 (10
1367 4177 1463 4228 prisii„

353 4247 601 4315 ,septentrionalibus
625 4244 652 4293 iu
677 4243 765 4292 littore
792 4243 900 4291 ducatus
925 4241 1115 4295 Sleswiceusis:
1141 4248 1184 4298 tos
1210 4268 1227 4301 a
1243 4250 1374 4305 Frr'aonum
1389 4267 1462 4324 ysare

360 4329 486 4389 conditos,
503 4324 607 4376 nominis
624 4332 647 4372 ct
664 4322 761 4387 linquae
778 4322 882 4371 societas
899 4323 1033 4373 tertrinom'o
1051 4335 1094 4377 cst.
