<?xml version="1.0" encoding="UTF-8"?>
<!DOCTYPE html PUBLIC "-//W3C//DTD XHTML 1.0 Transitional//EN"
    "http://www.w3.org/TR/xhtml1/DTD/xhtml1-transitional.dtd">
<html xmlns="http://www.w3.org/1999/xhtml" xml:lang="en" lang="en">
 <head>
  <title>
</title>
<meta http-equiv="Content-Type" content="text/html;charset=utf-8" />
  <meta name='ocr-system' content='tesseract 3.04.00' />
  <meta name='ocr-capabilities' content='ocr_page ocr_carea ocr_par ocr_line ocrx_word'/>
</head>
<body>
  <div class='ocr_page' id='page_1' title='image "./delexfrisionumu00saxmgoog_0017.png"; bbox 0 0 3144 5460; ppageno 0'>
   <div class='ocr_carea' id='block_1_1' title="bbox 546 565 1251 616">
    <p class='ocr_par' dir='ltr' id='par_1_1' title="bbox 546 565 1251 616">
     <span class='ocr_line' id='line_1_1' title="bbox 546 565 1251 616; baseline 0 0"><span class='ocrx_word' id='word_1_1' title='bbox 546 571 618 616; x_wconf 67' lang='lat' dir='ltr'><strong>Lex</strong></span> <span class='ocrx_word' id='word_1_2' title='bbox 640 565 846 616; x_wconf 66' lang='lat' dir='ltr'><strong>Falsroaum.</strong></span> <span class='ocrx_word' id='word_1_3' title='bbox 1211 571 1251 616; x_wconf 84' lang='lat' dir='ltr'><strong>lx</strong></span> 
     </span>
    </p>
   </div>
   <div class='ocr_carea' id='block_1_2' title="bbox 145 769 1253 1813">
    <p class='ocr_par' dir='ltr' id='par_1_2' title="bbox 145 769 1253 1813">
     <span class='ocr_line' id='line_1_2' title="bbox 149 769 1249 858; baseline 0.002 -22"><span class='ocrx_word' id='word_1_4' title='bbox 149 773 225 837; x_wconf 88' lang='grc'><strong>181.</strong></span> <span class='ocrx_word' id='word_1_5' title='bbox 271 809 319 823; x_wconf 90' lang='lat'><em>-</em></span> <span class='ocrx_word' id='word_1_6' title='bbox 365 771 487 839; x_wconf 82' lang='lat' dir='ltr'><strong>Eodem</strong></span> <span class='ocrx_word' id='word_1_7' title='bbox 529 770 623 838; x_wconf 92' lang='lat' dir='ltr'><strong>modo</strong></span> <span class='ocrx_word' id='word_1_8' title='bbox 664 795 728 858; x_wconf 87' lang='lat' dir='ltr'><strong>quo</strong></span> <span class='ocrx_word' id='word_1_9' title='bbox 769 782 912 856; x_wconf 81' lang='lat' dir='ltr'><strong>tempore</strong></span> <span class='ocrx_word' id='word_1_10' title='bbox 950 771 1030 858; x_wconf 86' lang='lat' dir='ltr'><strong>legis</strong></span> <span class='ocrx_word' id='word_1_11' title='bbox 1065 769 1249 838; x_wconf 84' lang='lat' dir='ltr'><strong>Frisionum</strong></span> 
     </span>
     <span class='ocr_line' id='line_1_3' title="bbox 145 874 1249 957; baseline 0.002 -15"><span class='ocrx_word' id='word_1_12' title='bbox 145 878 264 943; x_wconf 88' lang='lat' dir='ltr'><strong>fluvius</strong></span> <span class='ocrx_word' id='word_1_13' title='bbox 288 874 414 944; x_wconf 85' lang='lat' dir='ltr'><strong>Sinkfal</strong></span> <span class='ocrx_word' id='word_1_14' title='bbox 438 879 517 945; x_wconf 88' lang='lat' dir='ltr'><strong>fines</strong></span> <span class='ocrx_word' id='word_1_15' title='bbox 541 878 660 944; x_wconf 83' lang='lat' dir='ltr'><strong>fecerat</strong></span> <span class='ocrx_word' id='word_1_16' title='bbox 685 877 869 942; x_wconf 84' lang='lat' dir='ltr'><strong>Frisionum</strong></span> <span class='ocrx_word' id='word_1_17' title='bbox 894 875 1156 957; x_wconf 84' lang='lat' dir='ltr'><strong>occidentalium,</strong></span> <span class='ocrx_word' id='word_1_18' title='bbox 1180 901 1249 944; x_wconf 83' lang='lat' dir='ltr'><strong>sae·</strong></span> 
     </span>
     <span class='ocr_line' id='line_1_4' title="bbox 147 979 1250 1070; baseline 0 -22"><span class='ocrx_word' id='word_1_19' title='bbox 147 983 221 1048; x_wconf 88' lang='lat' dir='ltr'><strong>culo</strong></span> <span class='ocrx_word' id='word_1_20' title='bbox 257 981 380 1049; x_wconf 87' lang='lat' dir='ltr'><strong>decimo</strong></span> <span class='ocrx_word' id='word_1_21' title='bbox 416 987 511 1051; x_wconf 83' lang='lat' dir='ltr'><strong>tertio</strong></span> <span class='ocrx_word' id='word_1_22' title='bbox 547 983 710 1050; x_wconf 86' lang='lat' dir='ltr'><strong>Zwene</strong></span> <span class='ocrx_word' id='word_1_23' title='bbox 746 993 815 1048; x_wconf 79' lang='lat' dir='ltr'><strong>erat</strong></span> <span class='ocrx_word' id='word_1_24' title='bbox 849 983 921 1047; x_wconf 89' lang='lat' dir='ltr'><strong>finis</strong></span> <span class='ocrx_word' id='word_1_25' title='bbox 952 979 1137 1062; x_wconf 61' lang='lat' dir='ltr'><strong>Salamias,</strong></span> <span class='ocrx_word' id='word_1_26' title='bbox 1162 983 1250 1070; x_wconf 92' lang='lat' dir='ltr'><strong>quod</strong></span> 
     </span>
     <span class='ocr_line' id='line_1_5' title="bbox 145 1087 1251 1178; baseline -0.005 -18"><span class='ocrx_word' id='word_1_27' title='bbox 145 1111 261 1155; x_wconf 80' lang='lat' dir='ltr'><strong>nomen</strong></span> <span class='ocrx_word' id='word_1_28' title='bbox 297 1109 376 1160; x_wconf 82' lang='lat' dir='ltr'><strong>tunc</strong></span> <span class='ocrx_word' id='word_1_29' title='bbox 410 1101 577 1178; x_wconf 84' lang='lat' dir='ltr'><strong>acceperat</strong></span> <span class='ocrx_word' id='word_1_30' title='bbox 612 1102 754 1156; x_wconf 78' lang='lat' dir='ltr'><strong>extrema</strong></span> <span class='ocrx_word' id='word_1_31' title='bbox 785 1111 859 1176; x_wconf 86' lang='lat' dir='ltr'><strong>pars</strong></span> <span class='ocrx_word' id='word_1_32' title='bbox 891 1088 1014 1154; x_wconf 79' lang='lat' dir='ltr'><strong>Frisiae</strong></span> <span class='ocrx_word' id='word_1_33' title='bbox 1046 1087 1251 1156; x_wconf 84' lang='lat' dir='ltr'><strong>occidentalis</strong></span> 
     </span>
     <span class='ocr_line' id='line_1_6' title="bbox 147 1186 1251 1281; baseline -0.008 -21"><span class='ocrx_word' id='word_1_34' title='bbox 147 1200 231 1264; x_wconf 84' lang='lat' dir='ltr'><strong>inter</strong></span> <span class='ocrx_word' id='word_1_35' title='bbox 262 1201 388 1270; x_wconf 81' lang='lat' dir='ltr'><strong>Sinkfal</strong></span> <span class='ocrx_word' id='word_1_36' title='bbox 420 1208 452 1264; x_wconf 82' lang='lat' dir='ltr'><strong>et</strong></span> <span class='ocrx_word' id='word_1_37' title='bbox 485 1197 612 1261; x_wconf 85' lang='lat' dir='ltr'><strong>Mosam</strong></span> <span class='ocrx_word' id='word_1_38' title='bbox 637 1197 713 1260; x_wconf 85' lang='lat' dir='ltr'><strong>sita:</strong></span> <span class='ocrx_word' id='word_1_39' title='bbox 738 1196 770 1259; x_wconf 91' lang='lat' dir='ltr'><strong>in</strong></span> <span class='ocrx_word' id='word_1_40' title='bbox 796 1194 970 1281; x_wconf 81' lang='lat' dir='ltr'>diplomate</span> <span class='ocrx_word' id='word_1_41' title='bbox 994 1194 1070 1259; x_wconf 90' lang='lat' dir='ltr'><strong>anni</strong></span> <span class='ocrx_word' id='word_1_42' title='bbox 1096 1195 1184 1259; x_wconf 78' lang='lat'>1271</span> <span class='ocrx_word' id='word_1_43' title='bbox 1211 1186 1251 1252; x_wconf 90' lang='lat' dir='ltr'><strong>de</strong></span> 
     </span>
     <span class='ocr_line' id='line_1_7' title="bbox 150 1291 1253 1390; baseline -0.005 -21"><span class='ocrx_word' id='word_1_44' title='bbox 150 1291 426 1372; x_wconf 82' lang='lat' dir='ltr'><strong>Salandiaverba</strong></span> <span class='ocrx_word' id='word_1_45' title='bbox 450 1304 602 1390; x_wconf 84' lang='lat' dir='ltr'><strong>legimus:</strong></span> <span class='ocrx_word' id='word_1_46' title='bbox 628 1325 664 1366; x_wconf 77' lang='lat' dir='ltr'><strong>ee</strong></span> <span class='ocrx_word' id='word_1_47' title='bbox 690 1315 784 1386; x_wconf 82' lang='lat' dir='ltr'><strong>parte</strong></span> <span class='ocrx_word' id='word_1_48' title='bbox 816 1301 959 1366; x_wconf 77' lang='lat' dir='ltr'><em>orientali</em></span> <span class='ocrx_word' id='word_1_49' title='bbox 990 1303 1046 1366; x_wconf 79' lang='lat' dir='ltr'><strong>dee</strong></span> <span class='ocrx_word' id='word_1_50' title='bbox 1075 1301 1182 1377; x_wconf 77' lang='lat' dir='ltr'><strong>Mace,</strong></span> <span class='ocrx_word' id='word_1_51' title='bbox 1206 1301 1253 1365; x_wconf 84' lang='lat' dir='ltr'><strong>vel</strong></span> 
     </span>
     <span class='ocr_line' id='line_1_8' title="bbox 150 1405 1248 1498; baseline -0.005 -23"><span class='ocrx_word' id='word_1_52' title='bbox 150 1433 188 1475; x_wconf 77' lang='lat' dir='ltr'><strong>ee</strong></span> <span class='ocrx_word' id='word_1_53' title='bbox 221 1425 316 1498; x_wconf 78' lang='lat' dir='ltr'><strong>parte</strong></span> <span class='ocrx_word' id='word_1_54' title='bbox 356 1409 536 1477; x_wconf 71' lang='lat' dir='ltr'><strong>occidentali</strong></span> <span class='ocrx_word' id='word_1_55' title='bbox 573 1409 627 1472; x_wconf 81' lang='lat' dir='ltr'><strong>der</strong></span> <span class='ocrx_word' id='word_1_56' title='bbox 663 1408 791 1485; x_wconf 82' lang='lat' dir='ltr'><strong>Zwene,</strong></span> <span class='ocrx_word' id='word_1_57' title='bbox 831 1405 946 1472; x_wconf 89' lang='lat' dir='ltr'><strong>Mieris</strong></span> <span class='ocrx_word' id='word_1_58' title='bbox 971 1405 998 1469; x_wconf 94' lang='grc' dir='ltr'><strong>Ι.</strong></span> <span class='ocrx_word' id='word_1_59' title='bbox 1023 1429 1055 1491; x_wconf 84' lang='lat' dir='ltr'><strong>p.</strong></span> <span class='ocrx_word' id='word_1_60' title='bbox 1081 1405 1147 1470; x_wconf 77' lang='lat' dir='ltr'><strong>35ss</strong></span> <span class='ocrx_word' id='word_1_61' title='bbox 1181 1405 1248 1489; x_wconf 85' lang='lat' dir='ltr'><strong>(vel</strong></span> 
     </span>
     <span class='ocr_line' id='line_1_9' title="bbox 149 1507 1250 1598; baseline -0.007 -17"><span class='ocrx_word' id='word_1_62' title='bbox 149 1507 244 1581; x_wconf 83' lang='lat' dir='ltr'><strong>Kluit</strong></span> <span class='ocrx_word' id='word_1_63' title='bbox 275 1517 322 1580; x_wconf 94' lang='grc' dir='ltr'><strong>ΙΙ.</strong></span> <span class='ocrx_word' id='word_1_64' title='bbox 354 1516 392 1579; x_wconf 91' lang='grc' dir='ltr'><strong>Ρ.</strong></span> <span class='ocrx_word' id='word_1_65' title='bbox 419 1517 448 1578; x_wconf 78' lang='lat'><strong>2.</strong></span> <span class='ocrx_word' id='word_1_66' title='bbox 473 1535 503 1598; x_wconf 89' lang='lat' dir='ltr'><strong>p.</strong></span> <span class='ocrx_word' id='word_1_67' title='bbox 531 1512 630 1598; x_wconf 84' lang='lat'>788);</span> <span class='ocrx_word' id='word_1_68' title='bbox 665 1533 770 1595; x_wconf 88' lang='lat' dir='ltr'><strong>neque</strong></span> <span class='ocrx_word' id='word_1_69' title='bbox 795 1510 873 1574; x_wconf 90' lang='lat' dir='ltr'><strong>alios</strong></span> <span class='ocrx_word' id='word_1_70' title='bbox 898 1507 1069 1574; x_wconf 83' lang='lat' dir='ltr'><strong>Selandiae</strong></span> <span class='ocrx_word' id='word_1_71' title='bbox 1092 1510 1171 1574; x_wconf 86' lang='lat' dir='ltr'><strong>fines</strong></span> <span class='ocrx_word' id='word_1_72' title='bbox 1195 1509 1250 1573; x_wconf 87' lang='lat' dir='ltr'><strong>de·</strong></span> 
     </span>
     <span class='ocr_line' id='line_1_10' title="bbox 148 1615 1251 1701; baseline -0.007 -15"><span class='ocrx_word' id='word_1_73' title='bbox 148 1621 271 1687; x_wconf 76' lang='lat' dir='ltr'><strong>clarent</strong></span> <span class='ocrx_word' id='word_1_74' title='bbox 304 1621 430 1686; x_wconf 87' lang='lat' dir='ltr'><strong>nomina</strong></span> <span class='ocrx_word' id='word_1_75' title='bbox 462 1615 740 1681; x_wconf 87' lang='lat' dir='ltr'><strong>Heidene·se</strong></span> <span class='ocrx_word' id='word_1_76' title='bbox 776 1625 819 1679; x_wconf 83' lang='lat' dir='ltr'><strong>et</strong></span> <span class='ocrx_word' id='word_1_77' title='bbox 855 1615 1105 1694; x_wconf 86' lang='lat' dir='ltr'><strong>Bornisse‚</strong></span> <span class='ocrx_word' id='word_1_78' title='bbox 1133 1615 1251 1701; x_wconf 90' lang='lat' dir='ltr'><strong>quibus</strong></span> 
     </span>
     <span class='ocr_line' id='line_1_11' title="bbox 148 1719 1251 1813; baseline -0.005 -23"><span class='ocrx_word' id='word_1_79' title='bbox 148 1727 309 1813; x_wconf 78' lang='lat' dir='ltr'><strong>permulta</strong></span> <span class='ocrx_word' id='word_1_80' title='bbox 340 1725 512 1811; x_wconf 81' lang='lat' dir='ltr'>diplomata</span> <span class='ocrx_word' id='word_1_81' title='bbox 545 1721 664 1785; x_wconf 87' lang='lat' dir='ltr'><strong>saeculi</strong></span> <span class='ocrx_word' id='word_1_82' title='bbox 697 1720 782 1784; x_wconf 70' lang='lat' dir='ltr'><strong>tertii</strong></span> <span class='ocrx_word' id='word_1_83' title='bbox 810 1720 926 1784; x_wconf 82' lang='lat' dir='ltr'><strong>decimi</strong></span> <span class='ocrx_word' id='word_1_84' title='bbox 950 1732 982 1786; x_wconf 82' lang='lat' dir='ltr'><strong>ct</strong></span> <span class='ocrx_word' id='word_1_85' title='bbox 1006 1720 1113 1806; x_wconf 80' lang='lat' dir='ltr'><strong>quarti</strong></span> <span class='ocrx_word' id='word_1_86' title='bbox 1137 1719 1251 1785; x_wconf 82' lang='lat' dir='ltr'><strong>decimi</strong></span> 
     </span>
    </p>
   </div>
   <div class='ocr_carea' id='block_1_3' title="bbox 149 1843 295 1898">
    <p class='ocr_par' dir='ltr' id='par_1_3' title="bbox 149 1843 295 1898">
     <span class='ocr_line' id='line_1_12' title="bbox 149 1843 295 1898; baseline -0.007 -1"><span class='ocrx_word' id='word_1_87' title='bbox 149 1843 295 1898; x_wconf 84' lang='lat' dir='ltr'><strong>utuntur.</strong></span> 
     </span>
    </p>
   </div>
   <div class='ocr_carea' id='block_1_4' title="bbox 150 2035 1254 2756">
    <p class='ocr_par' dir='ltr' id='par_1_4' title="bbox 198 2035 1251 2132">
     <span class='ocr_line' id='line_1_13' title="bbox 198 2035 1251 2132; baseline -0.005 -26"><span class='ocrx_word' id='word_1_88' title='bbox 198 2043 234 2132; x_wconf 91' lang='lat' dir='ltr'><strong>b)</strong></span> <span class='ocrx_word' id='word_1_89' title='bbox 259 2041 335 2107; x_wconf 81' lang='lat' dir='ltr'><strong>Fli.</strong></span> <span class='ocrx_word' id='word_1_90' title='bbox 383 2041 538 2104; x_wconf 82' lang='lat' dir='ltr'><strong>Fluvium</strong></span> <span class='ocrx_word' id='word_1_91' title='bbox 564 2035 614 2101; x_wconf 79' lang='grc' dir='ltr'><strong>1Ἰί</strong></span> <span class='ocrx_word' id='word_1_92' title='bbox 638 2036 743 2101; x_wconf 88' lang='lat' dir='ltr'><strong>medio</strong></span> <span class='ocrx_word' id='word_1_93' title='bbox 759 2057 839 2100; x_wconf 89' lang='lat' dir='ltr'><strong>aevo</strong></span> <span class='ocrx_word' id='word_1_94' title='bbox 856 2045 1104 2099; x_wconf 85' lang='lat' dir='ltr'><strong>commemorant</strong></span> <span class='ocrx_word' id='word_1_95' title='bbox 1123 2036 1157 2101; x_wconf 90' lang='lat' dir='ltr'><strong>hi</strong></span> <span class='ocrx_word' id='word_1_96' title='bbox 1173 2037 1251 2101; x_wconf 90' lang='lat' dir='ltr'><strong>loci:</strong></span> 
     </span>
    </p>

    <p class='ocr_par' dir='ltr' id='par_1_5' title="bbox 150 2141 1254 2756">
     <span class='ocr_line' id='line_1_14' title="bbox 197 2141 1254 2234; baseline -0.004 -24"><span class='ocrx_word' id='word_1_97' title='bbox 197 2147 237 2210; x_wconf 91' lang='lat' dir='ltr'><strong>In</strong></span> <span class='ocrx_word' id='word_1_98' title='bbox 277 2147 349 2234; x_wconf 87' lang='lat' dir='ltr'><strong>lege</strong></span> <span class='ocrx_word' id='word_1_99' title='bbox 389 2145 573 2209; x_wconf 88' lang='lat' dir='ltr'><strong>Frisionum</strong></span> <span class='ocrx_word' id='word_1_100' title='bbox 612 2141 807 2207; x_wconf 77' lang='lat' dir='ltr'><strong>occidentales</strong></span> <span class='ocrx_word' id='word_1_101' title='bbox 849 2141 1001 2205; x_wconf 60' lang='lat' dir='ltr'><strong>Hesiones</strong></span> <span class='ocrx_word' id='word_1_102' title='bbox 1039 2143 1119 2206; x_wconf 78' lang='lat' dir='ltr'><strong>inter</strong></span> <span class='ocrx_word' id='word_1_103' title='bbox 1164 2143 1254 2212; x_wconf 65' lang='lat' dir='ltr'><strong>Helai</strong></span> 
     </span>
     <span class='ocr_line' id='line_1_15' title="bbox 151 2245 1252 2340; baseline -0.005 -22"><span class='ocrx_word' id='word_1_104' title='bbox 151 2255 317 2338; x_wconf 68' lang='lat' dir='ltr'><strong>(Medum,</strong></span> <span class='ocrx_word' id='word_1_105' title='bbox 344 2249 409 2340; x_wconf 73' lang='lat' dir='ltr'><strong>Fe)</strong></span> <span class='ocrx_word' id='word_1_106' title='bbox 436 2263 463 2316; x_wconf 77' lang='lat' dir='ltr'><strong>et</strong></span> <span class='ocrx_word' id='word_1_107' title='bbox 486 2251 663 2336; x_wconf 81' lang='lat' dir='ltr'><strong>Sinkfelam</strong></span> <span class='ocrx_word' id='word_1_108' title='bbox 693 2247 915 2329; x_wconf 81' lang='lat' dir='ltr'><strong>nominantur,</strong></span> <span class='ocrx_word' id='word_1_109' title='bbox 940 2245 1014 2311; x_wconf 92' lang='lat' dir='ltr'><strong>vide</strong></span> <span class='ocrx_word' id='word_1_110' title='bbox 1039 2247 1125 2312; x_wconf 88' lang='lat' dir='ltr'><strong>locos</strong></span> <span class='ocrx_word' id='word_1_111' title='bbox 1154 2269 1252 2333; x_wconf 87' lang='lat' dir='ltr'><strong>supra</strong></span> 
     </span>
     <span class='ocr_line' id='line_1_16' title="bbox 151 2347 1252 2444; baseline -0.006 -23"><span class='ocrx_word' id='word_1_112' title='bbox 151 2383 180 2444; x_wconf 87' lang='lat' dir='ltr'><strong>p.</strong></span> <span class='ocrx_word' id='word_1_113' title='bbox 218 2358 270 2424; x_wconf 89' lang='lat' dir='ltr'><strong>IV</strong></span> <span class='ocrx_word' id='word_1_114' title='bbox 309 2357 438 2434; x_wconf 82' lang='lat' dir='ltr'><strong>allatos3</strong></span> <span class='ocrx_word' id='word_1_115' title='bbox 475 2378 586 2420; x_wconf 89' lang='lat' dir='ltr'><strong>eorum</strong></span> <span class='ocrx_word' id='word_1_116' title='bbox 622 2366 741 2431; x_wconf 78' lang='lat' dir='ltr'><strong>terrae,</strong></span> <span class='ocrx_word' id='word_1_117' title='bbox 779 2373 863 2438; x_wconf 83' lang='lat' dir='ltr'><strong>quae</strong></span> <span class='ocrx_word' id='word_1_118' title='bbox 900 2349 1018 2416; x_wconf 80' lang='lat' dir='ltr'><strong>dicitur</strong></span> <span class='ocrx_word' id='word_1_119' title='bbox 1054 2354 1096 2416; x_wconf 79' lang='lat' dir='ltr'><strong>cis</strong></span> <span class='ocrx_word' id='word_1_120' title='bbox 1126 2347 1178 2416; x_wconf 78' lang='lat' dir='ltr'><strong>Fe·</strong></span> <span class='ocrx_word' id='word_1_121' title='bbox 1211 2351 1252 2416; x_wconf 89' lang='lat' dir='ltr'><strong>L.</strong></span> 
     </span>
     <span class='ocr_line' id='line_1_17' title="bbox 150 2455 1251 2545; baseline -0.003 -19"><span class='ocrx_word' id='word_1_122' title='bbox 150 2463 233 2528; x_wconf 84' lang='lat' dir='ltr'><strong>Fris.</strong></span> <span class='ocrx_word' id='word_1_123' title='bbox 265 2463 299 2543; x_wconf 92' lang='lat' dir='ltr'><strong>I,</strong></span> <span class='ocrx_word' id='word_1_124' title='bbox 333 2463 363 2527; x_wconf 87' lang='lat'><strong>3.</strong></span> <span class='ocrx_word' id='word_1_125' title='bbox 396 2464 427 2526; x_wconf 83' lang='lat'><strong>4.</strong></span> <span class='ocrx_word' id='word_1_126' title='bbox 461 2459 490 2525; x_wconf 90' lang='grc'><strong>5.</strong></span> <span class='ocrx_word' id='word_1_127' title='bbox 524 2462 562 2538; x_wconf 89' lang='grc'><strong>8,</strong></span> <span class='ocrx_word' id='word_1_128' title='bbox 595 2459 768 2545; x_wconf 85' lang='lat' dir='ltr'><strong>opponitur</strong></span> <span class='ocrx_word' id='word_1_129' title='bbox 792 2457 897 2521; x_wconf 87' lang='lat' dir='ltr'><strong>Frisia</strong></span> <span class='ocrx_word' id='word_1_130' title='bbox 921 2457 1005 2522; x_wconf 85' lang='lat' dir='ltr'><strong>inter</strong></span> <span class='ocrx_word' id='word_1_131' title='bbox 1028 2455 1081 2522; x_wconf 84' lang='lat' dir='ltr'><strong>Fli</strong></span> <span class='ocrx_word' id='word_1_132' title='bbox 1106 2467 1138 2521; x_wconf 76' lang='lat' dir='ltr'><strong>et</strong></span> <span class='ocrx_word' id='word_1_133' title='bbox 1162 2455 1251 2523; x_wconf 90' lang='lat' dir='ltr'>Lau-</span> 
     </span>
     <span class='ocr_line' id='line_1_18' title="bbox 151 2563 1253 2641; baseline -0.007 -7"><span class='ocrx_word' id='word_1_134' title='bbox 151 2567 243 2634; x_wconf 86' lang='lat' dir='ltr'><strong>bachi</strong></span> <span class='ocrx_word' id='word_1_135' title='bbox 260 2569 336 2634; x_wconf 84' lang='lat' dir='ltr'><strong>sita:</strong></span> <span class='ocrx_word' id='word_1_136' title='bbox 362 2569 433 2633; x_wconf 77' lang='lat' dir='ltr'><strong>haec</strong></span> <span class='ocrx_word' id='word_1_137' title='bbox 463 2567 510 2632; x_wconf 77' lang='lat' dir='ltr'><strong>lea</strong></span> <span class='ocrx_word' id='word_1_138' title='bbox 541 2569 617 2631; x_wconf 78' lang='lat' dir='ltr'><strong>inter</strong></span> <span class='ocrx_word' id='word_1_139' title='bbox 649 2565 813 2629; x_wconf 72' lang='lat' dir='ltr'><strong>Laebaclzi</strong></span> <span class='ocrx_word' id='word_1_140' title='bbox 844 2576 871 2628; x_wconf 80' lang='lat' dir='ltr'><strong>et</strong></span> <span class='ocrx_word' id='word_1_141' title='bbox 902 2563 1030 2630; x_wconf 67' lang='lat' dir='ltr'><strong>Hedum</strong></span> <span class='ocrx_word' id='word_1_142' title='bbox 1066 2565 1253 2641; x_wconf 61' lang='lat' dir='ltr'><strong>custoditum</strong></span> 
     </span>
     <span class='ocr_line' id='line_1_19' title="bbox 151 2665 1251 2756; baseline -0.004 -18"><span class='ocrx_word' id='word_1_143' title='bbox 151 2686 299 2739; x_wconf 77' lang='lat' dir='ltr'><strong>caeterum</strong></span> <span class='ocrx_word' id='word_1_144' title='bbox 333 2675 412 2739; x_wconf 74' lang='lat' dir='ltr'><strong>inter</strong></span> <span class='ocrx_word' id='word_1_145' title='bbox 449 2671 581 2742; x_wconf 75' lang='lat' dir='ltr'><strong>Flehmn·</strong></span> <span class='ocrx_word' id='word_1_146' title='bbox 615 2681 642 2736; x_wconf 78' lang='lat' dir='ltr'><strong>et</strong></span> <span class='ocrx_word' id='word_1_147' title='bbox 681 2670 852 2756; x_wconf 78' lang='lat' dir='ltr'><strong>Siacfalam</strong></span> <span class='ocrx_word' id='word_1_148' title='bbox 879 2679 938 2733; x_wconf 87' lang='lat' dir='ltr'><strong>etc.</strong></span> <span class='ocrx_word' id='word_1_149' title='bbox 963 2667 1003 2732; x_wconf 88' lang='lat' dir='ltr'><strong>L.</strong></span> <span class='ocrx_word' id='word_1_150' title='bbox 1035 2665 1118 2734; x_wconf 83' lang='lat' dir='ltr'><strong>Fris.</strong></span> <span class='ocrx_word' id='word_1_151' title='bbox 1142 2667 1251 2747; x_wconf 86' lang='lat' dir='ltr'>XIV,</span> 
     </span>
    </p>
   </div>
   <div class='ocr_carea' id='block_1_5' title="bbox 151 2767 1253 4021">
    <p class='ocr_par' dir='ltr' id='par_1_6' title="bbox 153 2767 1213 2856">
     <span class='ocr_line' id='line_1_20' title="bbox 153 2767 1213 2856; baseline -0.006 -12"><span class='ocrx_word' id='word_1_152' title='bbox 153 2781 192 2856; x_wconf 77' lang='lat'><strong>23</strong></span> <span class='ocrx_word' id='word_1_153' title='bbox 215 2781 294 2844; x_wconf 76' lang='lat' dir='ltr'><strong>ieter</strong></span> <span class='ocrx_word' id='word_1_154' title='bbox 325 2779 489 2842; x_wconf 72' lang='lat' dir='ltr'><strong>Laebacii</strong></span> <span class='ocrx_word' id='word_1_155' title='bbox 519 2788 546 2841; x_wconf 80' lang='lat' dir='ltr'><strong>et</strong></span> <span class='ocrx_word' id='word_1_156' title='bbox 573 2778 652 2841; x_wconf 77' lang='lat' dir='ltr'><strong>inter</strong></span> <span class='ocrx_word' id='word_1_157' title='bbox 675 2767 764 2839; x_wconf 76' lang='lat' dir='ltr'><strong>Flehe&#39;</strong></span> <span class='ocrx_word' id='word_1_158' title='bbox 785 2772 825 2837; x_wconf 88' lang='lat' dir='ltr'><strong>L.</strong></span> <span class='ocrx_word' id='word_1_159' title='bbox 849 2771 931 2837; x_wconf 84' lang='lat' dir='ltr'><strong>Fris.</strong></span> <span class='ocrx_word' id='word_1_160' title='bbox 955 2770 1043 2837; x_wconf 85' lang='lat' dir='ltr'><strong>Add.</strong></span> <span class='ocrx_word' id='word_1_161' title='bbox 1067 2773 1133 2837; x_wconf 90' lang='grc' dir='ltr'><strong>ΙΙΙ.</strong></span> <span class='ocrx_word' id='word_1_162' title='bbox 1161 2776 1213 2840; x_wconf 82' lang='grc'><strong>78.</strong></span> 
     </span>
    </p>

    <p class='ocr_par' dir='ltr' id='par_1_7' title="bbox 151 2875 1253 3494">
     <span class='ocr_line' id='line_1_21' title="bbox 199 2875 1253 2968; baseline -0.002 -22"><span class='ocrx_word' id='word_1_163' title='bbox 199 2881 239 2946; x_wconf 89' lang='lat' dir='ltr'><strong>In</strong></span> <span class='ocrx_word' id='word_1_164' title='bbox 275 2881 353 2948; x_wconf 79' lang='lat' dir='ltr'><strong>Vita</strong></span> <span class='ocrx_word' id='word_1_165' title='bbox 388 2877 422 2946; x_wconf 83' lang='lat' dir='ltr'><strong>S.</strong></span> <span class='ocrx_word' id='word_1_166' title='bbox 458 2880 618 2968; x_wconf 83' lang='lat' dir='ltr'><strong>Liudgeri</strong></span> <span class='ocrx_word' id='word_1_167' title='bbox 654 2879 681 2942; x_wconf 96' lang='grc' dir='ltr'><strong>Ι.</strong></span> <span class='ocrx_word' id='word_1_168' title='bbox 718 2899 744 2942; x_wconf 88' lang='lat' dir='ltr'><strong>c.</strong></span> <span class='ocrx_word' id='word_1_169' title='bbox 781 2879 822 2942; x_wconf 89' lang='lat'><strong>18</strong></span> <span class='ocrx_word' id='word_1_170' title='bbox 860 2875 901 2942; x_wconf 86' lang='lat' dir='ltr'><strong>ad</strong></span> <span class='ocrx_word' id='word_1_171' title='bbox 925 2901 954 2942; x_wconf 80' lang='lat' dir='ltr'><strong>a.</strong></span> <span class='ocrx_word' id='word_1_172' title='bbox 980 2879 1064 2943; x_wconf 79' lang='lat'>782:</span> <span class='ocrx_word' id='word_1_173' title='bbox 1099 2879 1253 2944; x_wconf 77' lang='lat' dir='ltr'><strong>Widulcint</strong></span> 
     </span>
     <span class='ocr_line' id='line_1_22' title="bbox 151 2977 1251 3070; baseline -0.003 -18"><span class='ocrx_word' id='word_1_174' title='bbox 151 2991 215 3052; x_wconf 77' lang='lat' dir='ltr'><strong>due</strong></span> <span class='ocrx_word' id='word_1_175' title='bbox 245 2982 403 3052; x_wconf 72' lang='lat' dir='ltr'><strong><em>Saxonum</em></strong></span> <span class='ocrx_word' id='word_1_176' title='bbox 435 2998 555 3051; x_wconf 78' lang='lat' dir='ltr'><strong>eatenus</strong></span> <span class='ocrx_word' id='word_1_177' title='bbox 577 2985 748 3070; x_wconf 61' lang='lat' dir='ltr'><strong>pedalium,</strong></span> <span class='ocrx_word' id='word_1_178' title='bbox 773 2984 828 3069; x_wconf 79' lang='lat' dir='ltr'><strong>qui</strong></span> <span class='ocrx_word' id='word_1_179' title='bbox 851 2985 954 3048; x_wconf 76' lang='lat' dir='ltr'><strong>evertit</strong></span> <span class='ocrx_word' id='word_1_180' title='bbox 975 2977 1131 3049; x_wconf 61' lang='lat' dir='ltr'><strong>Paeones</strong></span> <span class='ocrx_word' id='word_1_181' title='bbox 1156 3008 1176 3048; x_wconf 83' lang='lat' dir='ltr'><strong><em>a</em></strong></span> <span class='ocrx_word' id='word_1_182' title='bbox 1200 2987 1251 3050; x_wconf 79' lang='lat' dir='ltr'><strong>eie</strong></span> 
     </span>
     <span class='ocr_line' id='line_1_23' title="bbox 151 3085 1251 3176; baseline -0.001 -19"><span class='ocrx_word' id='word_1_183' title='bbox 151 3093 226 3173; x_wconf 82' lang='lat' dir='ltr'><strong>Dei,</strong></span> <span class='ocrx_word' id='word_1_184' title='bbox 250 3093 466 3176; x_wconf 73' lang='lat' dir='ltr'><strong>combussitque</strong></span> <span class='ocrx_word' id='word_1_185' title='bbox 490 3091 627 3157; x_wconf 80' lang='lat' dir='ltr'><strong>ecelesias</strong></span> <span class='ocrx_word' id='word_1_186' title='bbox 651 3101 678 3155; x_wconf 77' lang='lat' dir='ltr'><strong>et</strong></span> <span class='ocrx_word' id='word_1_187' title='bbox 701 3089 820 3174; x_wconf 72' lang='lat' dir='ltr'><strong>eapulit</strong></span> <span class='ocrx_word' id='word_1_188' title='bbox 842 3087 909 3154; x_wconf 84' lang='lat' dir='ltr'><strong>Dei</strong></span> <span class='ocrx_word' id='word_1_189' title='bbox 921 3085 1080 3174; x_wconf 74' lang='lat' dir='ltr'><strong>famulos,</strong></span> <span class='ocrx_word' id='word_1_190' title='bbox 1104 3100 1131 3154; x_wconf 72' lang='lat' dir='ltr'><strong>et</strong></span> <span class='ocrx_word' id='word_1_191' title='bbox 1155 3113 1251 3176; x_wconf 77' lang='lat' dir='ltr'><strong>usque</strong></span> 
     </span>
     <span class='ocr_line' id='line_1_24' title="bbox 151 3191 1250 3283; baseline 0 -21"><span class='ocrx_word' id='word_1_192' title='bbox 151 3199 196 3262; x_wconf 85' lang='lat' dir='ltr'><strong>ad</strong></span> <span class='ocrx_word' id='word_1_193' title='bbox 227 3191 305 3263; x_wconf 79' lang='lat' dir='ltr'><strong>Fieo</strong></span> <span class='ocrx_word' id='word_1_194' title='bbox 330 3197 466 3283; x_wconf 77' lang='lat' dir='ltr'><strong><em>fluvium</em></strong></span> <span class='ocrx_word' id='word_1_195' title='bbox 491 3197 570 3283; x_wconf 75' lang='lat' dir='ltr'><strong>fecit</strong></span> <span class='ocrx_word' id='word_1_196' title='bbox 596 3197 745 3261; x_wconf 76' lang='lat' dir='ltr'><strong>Fresonee</strong></span> <span class='ocrx_word' id='word_1_197' title='bbox 774 3193 1002 3279; x_wconf 74' lang='lat' dir='ltr'><strong>Christifidem</strong></span> <span class='ocrx_word' id='word_1_198' title='bbox 1025 3193 1198 3282; x_wconf 75' lang='lat' dir='ltr'><strong>relinquere</strong></span> <span class='ocrx_word' id='word_1_199' title='bbox 1222 3211 1250 3262; x_wconf 85' lang='lat' dir='ltr'><strong>et</strong></span> 
     </span>
     <span class='ocr_line' id='line_1_25' title="bbox 151 3297 1250 3386; baseline -0.004 -19"><span class='ocrx_word' id='word_1_200' title='bbox 151 3301 310 3368; x_wconf 76' lang='lat' dir='ltr'><strong>immolare</strong></span> <span class='ocrx_word' id='word_1_201' title='bbox 332 3301 424 3370; x_wconf 74' lang='lat' dir='ltr'><strong>idolis</strong></span> <span class='ocrx_word' id='word_1_202' title='bbox 446 3303 534 3368; x_wconf 69' lang='lat' dir='ltr'><strong>iusta</strong></span> <span class='ocrx_word' id='word_1_203' title='bbox 555 3324 671 3366; x_wconf 77' lang='lat' dir='ltr'><strong>morem</strong></span> <span class='ocrx_word' id='word_1_204' title='bbox 695 3301 810 3365; x_wconf 73' lang='lat' dir='ltr'><strong>erroris</strong></span> <span class='ocrx_word' id='word_1_205' title='bbox 829 3301 973 3386; x_wconf 77' lang='lat' dir='ltr'><strong>pristini,</strong></span> <span class='ocrx_word' id='word_1_206' title='bbox 998 3297 1088 3364; x_wconf 89' lang='lat' dir='ltr'><strong>Mon.</strong></span> <span class='ocrx_word' id='word_1_207' title='bbox 1122 3297 1164 3364; x_wconf 83' lang='lat' dir='ltr'><strong>G.</strong></span> <span class='ocrx_word' id='word_1_208' title='bbox 1189 3297 1250 3366; x_wconf 86' lang='lat' dir='ltr'><strong>SS.</strong></span> 
     </span>
     <span class='ocr_line' id='line_1_26' title="bbox 151 3402 356 3494; baseline -0.005 -21"><span class='ocrx_word' id='word_1_209' title='bbox 151 3402 200 3474; x_wconf 88' lang='lat' dir='ltr'><strong>H.</strong></span> <span class='ocrx_word' id='word_1_210' title='bbox 223 3430 253 3494; x_wconf 91' lang='lat' dir='ltr'><strong>p.</strong></span> <span class='ocrx_word' id='word_1_211' title='bbox 278 3407 356 3473; x_wconf 89' lang='grc'><strong>410.</strong></span> 
     </span>
    </p>

    <p class='ocr_par' dir='ltr' id='par_1_8' title="bbox 151 3508 1251 4021">
     <span class='ocr_line' id='line_1_27' title="bbox 198 3508 1250 3596; baseline -0.002 -20"><span class='ocrx_word' id='word_1_212' title='bbox 198 3511 240 3578; x_wconf 91' lang='lat' dir='ltr'><strong>In</strong></span> <span class='ocrx_word' id='word_1_213' title='bbox 275 3511 377 3578; x_wconf 83' lang='lat' dir='ltr'><strong>Fries.</strong></span> <span class='ocrx_word' id='word_1_214' title='bbox 411 3511 506 3577; x_wconf 75' lang='lat' dir='ltr'><strong>Kfire</strong></span> <span class='ocrx_word' id='word_1_215' title='bbox 544 3512 587 3576; x_wconf 93' lang='lat'><strong>10</strong></span> <span class='ocrx_word' id='word_1_216' title='bbox 623 3510 723 3596; x_wconf 85' lang='lat' dir='ltr'><strong>(quae</strong></span> <span class='ocrx_word' id='word_1_217' title='bbox 758 3517 912 3594; x_wconf 85' lang='lat' dir='ltr'><strong>concepta</strong></span> <span class='ocrx_word' id='word_1_218' title='bbox 947 3517 995 3573; x_wconf 85' lang='lat' dir='ltr'><strong>est</strong></span> <span class='ocrx_word' id='word_1_219' title='bbox 1022 3508 1108 3573; x_wconf 83' lang='lat' dir='ltr'><strong>circa</strong></span> <span class='ocrx_word' id='word_1_220' title='bbox 1131 3530 1250 3575; x_wconf 85' lang='lat' dir='ltr'>annum</span> 
     </span>
     <span class='ocr_line' id='line_1_28' title="bbox 154 3613 1251 3706; baseline -0.002 -24"><span class='ocrx_word' id='word_1_221' title='bbox 154 3618 260 3706; x_wconf 77' lang='lat'>1200)</span> <span class='ocrx_word' id='word_1_222' title='bbox 285 3616 397 3682; x_wconf 79' lang='lat' dir='ltr'><strong>dicunt</strong></span> <span class='ocrx_word' id='word_1_223' title='bbox 418 3615 581 3682; x_wconf 84' lang='lat' dir='ltr'><strong>Frisiones</strong></span> <span class='ocrx_word' id='word_1_224' title='bbox 605 3613 830 3694; x_wconf 86' lang='lat' dir='ltr'><strong>confoederati,</strong></span> <span class='ocrx_word' id='word_1_225' title='bbox 852 3615 936 3679; x_wconf 83' lang='lat' dir='ltr'><strong>inter</strong></span> <span class='ocrx_word' id='word_1_226' title='bbox 959 3613 1014 3678; x_wconf 81' lang='lat' dir='ltr'><strong>Fli</strong></span> <span class='ocrx_word' id='word_1_227' title='bbox 1037 3623 1069 3679; x_wconf 85' lang='lat' dir='ltr'><strong>et</strong></span> <span class='ocrx_word' id='word_1_228' title='bbox 1091 3613 1251 3681; x_wconf 82' lang='lat' dir='ltr'><strong>Wisaram</strong></span> 
     </span>
     <span class='ocr_line' id='line_1_29' title="bbox 151 3717 1251 3808; baseline -0.002 -20"><span class='ocrx_word' id='word_1_229' title='bbox 151 3721 347 3788; x_wconf 79' lang='lat' dir='ltr'><strong>habitantes:</strong></span> <span class='ocrx_word' id='word_1_230' title='bbox 379 3745 411 3790; x_wconf 77' lang='lat' dir='ltr'><strong>ee</strong></span> <span class='ocrx_word' id='word_1_231' title='bbox 442 3745 501 3788; x_wconf 78' lang='lat' dir='ltr'><strong>eon</strong></span> <span class='ocrx_word' id='word_1_232' title='bbox 532 3733 671 3808; x_wconf 75' lang='lat' dir='ltr'><strong>oportere</strong></span> <span class='ocrx_word' id='word_1_233' title='bbox 693 3723 854 3787; x_wconf 69' lang='lat' dir='ltr'><strong>exercitum</strong></span> <span class='ocrx_word' id='word_1_234' title='bbox 879 3721 986 3785; x_wconf 78' lang='lat' dir='ltr'><strong>ducere</strong></span> <span class='ocrx_word' id='word_1_235' title='bbox 1008 3717 1133 3784; x_wconf 75' lang='lat' dir='ltr'><strong>alterius</strong></span> <span class='ocrx_word' id='word_1_236' title='bbox 1157 3743 1251 3807; x_wconf 85' lang='lat' dir='ltr'><strong>quam</strong></span> 
     </span>
     <span class='ocr_line' id='line_1_30' title="bbox 152 3827 1251 3912; baseline -0.003 -18"><span class='ocrx_word' id='word_1_237' title='bbox 152 3831 197 3894; x_wconf 85' lang='lat' dir='ltr'><strong>ad</strong></span> <span class='ocrx_word' id='word_1_238' title='bbox 241 3830 389 3894; x_wconf 60' lang='lat' dir='ltr'><strong>caeram</strong></span> <span class='ocrx_word' id='word_1_239' title='bbox 423 3851 526 3894; x_wconf 77' lang='lat' dir='ltr'><strong>verses</strong></span> <span class='ocrx_word' id='word_1_240' title='bbox 560 3830 721 3908; x_wconf 71' lang='lat' dir='ltr'><strong>orientem,</strong></span> <span class='ocrx_word' id='word_1_241' title='bbox 758 3839 787 3892; x_wconf 77' lang='lat' dir='ltr'><strong>et</strong></span> <span class='ocrx_word' id='word_1_242' title='bbox 816 3848 916 3890; x_wconf 76' lang='lat' dir='ltr'><strong>versus</strong></span> <span class='ocrx_word' id='word_1_243' title='bbox 947 3827 1129 3891; x_wconf 80' lang='lat' dir='ltr'><strong>occidentem</strong></span> <span class='ocrx_word' id='word_1_244' title='bbox 1156 3849 1251 3912; x_wconf 79' lang='lat' dir='ltr'><strong>caque</strong></span> 
     </span>
     <span class='ocr_line' id='line_1_31' title="bbox 151 3929 1127 4021; baseline -0.007 -20"><span class='ocrx_word' id='word_1_245' title='bbox 151 3935 205 4001; x_wconf 81' lang='lat' dir='ltr'><strong>Fli</strong></span> <span class='ocrx_word' id='word_1_246' title='bbox 226 3933 324 4021; x_wconf 81' lang='lat' dir='ltr'><strong>(Fris.</strong></span> <span class='ocrx_word' id='word_1_247' title='bbox 349 3947 450 4001; x_wconf 73' lang='lat' dir='ltr'><strong>water</strong></span> <span class='ocrx_word' id='word_1_248' title='bbox 473 3947 503 3999; x_wconf 82' lang='lat' dir='ltr'><strong>to</strong></span> <span class='ocrx_word' id='word_1_249' title='bbox 526 3935 580 3998; x_wconf 74' lang='lat' dir='ltr'><strong>eda</strong></span> <span class='ocrx_word' id='word_1_250' title='bbox 605 3934 688 4020; x_wconf 67' lang='lat' dir='ltr'><strong>Fid),</strong></span> <span class='ocrx_word' id='word_1_251' title='bbox 714 3942 784 4008; x_wconf 81' lang='lat' dir='ltr'><strong>ete,</strong></span> <span class='ocrx_word' id='word_1_252' title='bbox 810 3929 883 3996; x_wconf 84' lang='lat' dir='ltr'><strong>vide</strong></span> <span class='ocrx_word' id='word_1_253' title='bbox 907 3952 1006 4016; x_wconf 85' lang='lat' dir='ltr'><strong>supra</strong></span> <span class='ocrx_word' id='word_1_254' title='bbox 1030 3953 1061 4015; x_wconf 90' lang='lat' dir='ltr'><strong>p.</strong></span> <span class='ocrx_word' id='word_1_255' title='bbox 1085 3929 1127 3995; x_wconf 91' lang='lat' dir='ltr'><strong>V.</strong></span> 
     </span>
    </p>
   </div>
   <div class='ocr_carea' id='block_1_6' title="bbox 150 4211 1249 4523">
    <p class='ocr_par' dir='ltr' id='par_1_9' title="bbox 150 4211 1249 4448">
     <span class='ocr_line' id='line_1_32' title="bbox 150 4211 1249 4288; baseline -0.002 -16"><span class='ocrx_word' id='word_1_256' title='bbox 150 4225 196 4285; x_wconf 77' lang='lat' dir='ltr'><strong>qui</strong></span> <span class='ocrx_word' id='word_1_257' title='bbox 210 4221 275 4274; x_wconf 76' lang='lat' dir='ltr'><strong>Scin</strong></span> <span class='ocrx_word' id='word_1_258' title='bbox 291 4211 454 4288; x_wconf 29' lang='lat' dir='ltr'><strong>&#39;appellatum</strong></span> <span class='ocrx_word' id='word_1_259' title='bbox 472 4223 563 4273; x_wconf 78' lang='lat' dir='ltr'><strong>Mieris</strong></span> <span class='ocrx_word' id='word_1_260' title='bbox 581 4221 716 4272; x_wconf 81' lang='lat' dir='ltr'><strong>Charlerb.</strong></span> <span class='ocrx_word' id='word_1_261' title='bbox 736 4221 755 4270; x_wconf 88' lang='lat'><strong>1.</strong></span> <span class='ocrx_word' id='word_1_262' title='bbox 772 4237 797 4284; x_wconf 91' lang='lat' dir='ltr'><strong>p.</strong></span> <span class='ocrx_word' id='word_1_263' title='bbox 815 4223 873 4268; x_wconf 83' lang='grc'><strong>384.</strong></span> <span class='ocrx_word' id='word_1_264' title='bbox 897 4223 946 4267; x_wconf 82' lang='lat'><strong>394</strong></span> <span class='ocrx_word' id='word_1_265' title='bbox 954 4237 961 4280; x_wconf 90' lang='lat'>;</span> <span class='ocrx_word' id='word_1_266' title='bbox 980 4232 1003 4266; x_wconf 78' lang='lat' dir='ltr'><strong>a.</strong></span> <span class='ocrx_word' id='word_1_267' title='bbox 1025 4222 1098 4268; x_wconf 79' lang='lat'><strong>1298:</strong></span> <span class='ocrx_word' id='word_1_268' title='bbox 1121 4220 1145 4268; x_wconf 81' lang='lat' dir='ltr'><strong>in</strong></span> <span class='ocrx_word' id='word_1_269' title='bbox 1171 4217 1249 4270; x_wconf 78' lang='lat' dir='ltr'><em>Flan-</em></span> 
     </span>
     <span class='ocr_line' id='line_1_33' title="bbox 150 4295 1249 4370; baseline -0.001 -20"><span class='ocrx_word' id='word_1_270' title='bbox 150 4302 208 4352; x_wconf 86' lang='lat' dir='ltr'><strong>dria</strong></span> <span class='ocrx_word' id='word_1_271' title='bbox 233 4302 268 4352; x_wconf 83' lang='lat' dir='ltr'><strong>ad</strong></span> <span class='ocrx_word' id='word_1_272' title='bbox 284 4302 370 4364; x_wconf 82' lang='lat' dir='ltr'><em>sorum</em></span> <span class='ocrx_word' id='word_1_273' title='bbox 393 4303 479 4353; x_wconf 77' lang='lat' dir='ltr'><strong>ibidem</strong></span> <span class='ocrx_word' id='word_1_274' title='bbox 504 4303 548 4367; x_wconf 81' lang='lat' dir='ltr'><strong>pei</strong></span> <span class='ocrx_word' id='word_1_275' title='bbox 563 4301 632 4354; x_wconf 81' lang='lat' dir='ltr'><strong>Swin</strong></span> <span class='ocrx_word' id='word_1_276' title='bbox 654 4299 811 4370; x_wconf 79' lang='lat' dir='ltr'><strong>appelletur,</strong></span> <span class='ocrx_word' id='word_1_277' title='bbox 828 4313 878 4348; x_wconf 81' lang='lat' dir='ltr'><strong>van</strong></span> <span class='ocrx_word' id='word_1_278' title='bbox 895 4295 964 4361; x_wconf 87' lang='lat' dir='ltr'><strong>Wijn</strong></span> <span class='ocrx_word' id='word_1_279' title='bbox 983 4298 1112 4362; x_wconf 82' lang='lat' dir='ltr'><strong>Byvoegs.</strong></span> <span class='ocrx_word' id='word_1_280' title='bbox 1130 4307 1167 4349; x_wconf 77' lang='lat' dir='ltr'><strong>tot</strong></span> <span class='ocrx_word' id='word_1_281' title='bbox 1185 4297 1249 4349; x_wconf 81' lang='lat' dir='ltr'><strong>Wa-</strong></span> 
     </span>
     <span class='ocr_line' id='line_1_34' title="bbox 150 4381 680 4448; baseline -0.002 -16"><span class='ocrx_word' id='word_1_282' title='bbox 150 4395 248 4444; x_wconf 79' lang='lat' dir='ltr'><strong>genear</strong></span> <span class='ocrx_word' id='word_1_283' title='bbox 264 4381 286 4433; x_wconf 90' lang='lat'><strong>1.</strong></span> <span class='ocrx_word' id='word_1_284' title='bbox 303 4399 328 4448; x_wconf 94' lang='lat' dir='ltr'><strong>p.</strong></span> <span class='ocrx_word' id='word_1_285' title='bbox 345 4389 377 4434; x_wconf 77' lang='lat'><strong>88</strong></span> <span class='ocrx_word' id='word_1_286' title='bbox 395 4390 422 4433; x_wconf 77' lang='lat' dir='ltr'><strong>et</strong></span> <span class='ocrx_word' id='word_1_287' title='bbox 438 4384 561 4435; x_wconf 81' lang='lat' dir='ltr'><strong>Driessen</strong></span> <span class='ocrx_word' id='word_1_288' title='bbox 578 4399 603 4447; x_wconf 92' lang='lat' dir='ltr'><strong>p.</strong></span> <span class='ocrx_word' id='word_1_289' title='bbox 620 4383 680 4432; x_wconf 79' lang='lat'><strong>⁵7⁷.</strong></span> 
     </span>
    </p>

    <p class='ocr_par' dir='ltr' id='par_1_10' title="bbox 1092 4459 1112 4523">
     <span class='ocr_line' id='line_1_35' title="bbox 1092 4459 1112 4523; baseline 0 0"><span class='ocrx_word' id='word_1_290' title='bbox 1092 4459 1112 4523; x_wconf 95' lang='lat' dir='ltr'>b</span> 
     </span>
    </p>
   </div>
   <div class='ocr_carea' id='block_1_7' title="bbox 0 0 1579 5460">
    <p class='ocr_par' dir='ltr' id='par_1_11' title="bbox 0 0 1579 5460">
     <span class='ocr_line' id='line_1_36' title="bbox 0 0 1579 5460; baseline 0 0"><span class='ocrx_word' id='word_1_291' title='bbox 0 0 1579 5460; x_wconf 95' lang='lat' dir='ltr'><strong> </strong></span> 
     </span>
    </p>
   </div>
  </div>
 </body>
</html>
