3158 5464
289 611 382 673 Ani).
405 611 486 675 Sar.
531 610 647 676 Tru.
669 612 714 676 Χ.
758 612 1074 699 §n-T1r.x1.
1167 623 1229 688 115

122 801 228 866 Thiar,
255 804 312 859 den
345 803 504 860 It'ntlether
535 807 634 871 selbot,
655 827 687 863 ao
707 807 813 864 kontate
833 829 866 865 er
886 813 985 868 asicdts
1005 832 1059 870 con
1080 816 1147 873 dem
1167 816 1229 874 Ei-

116 911 211 965 gener
222 892 367 966 sordern,
386 895 457 948 weit
475 913 508 948 er·
527 895 592 950 stola
613 896 670 951 den
692 896 829 953 Sotaden
851 901 1013 974 algentlicle
1038 905 1127 961 selbot
1146 908 1232 963 ltc'ttte

117 983 268 1056 vergelten
299 983 427 1038 meissen.
480 980 636 1057 Quaeritur
664 995 772 1050 autem,
802 994 900 1044 utrum
930 989 975 1046 ius
998 989 1141 1050 I'risicum
1161 1013 1229 1052 cum

116 1068 181 1125 iure
208 1067 426 1144 Langobardico
455 1090 518 1147 cap.
541 1070 606 1130 332.
627 1072 683 1132 ud.
704 1074 788 1133 Roth.
809 1078 974 1152 congruerit
993 1097 1094 1145 necne,
1113 1081 1178 1140 ride
1196 1085 1228 1140 in

116 1166 185 1213 nota
214 1157 261 1214 58.
281 1177 310 1233 p.
335 1158 389 1216 109
409 1159 454 1215 ius
474 1161 605 1237 pignoris
625 1161 895 1240 Langobardorum,
915 1167 992 1242 quod
1016 1169 1068 1225 hac
1087 1169 1119 1228 in
1139 1191 1170 1228 re
1189 1156 1227 1229 al>

115 1247 180 1302 iure
199 1245 363 1303 Frisiorum
383 1247 491 1312 differt,
510 1268 603 1326 neque
624 1251 740 1308 titulum
762 1250 789 1307 X
810 1253 881 1311 ddd.
901 1255 921 1312 l.
943 1254 1017 1314 Fris.
1039 1257 1077 1313 ad
1096 1276 1143 1315 eos
1154 1260 1227 1317 solos

114 1344 278 1392 contractus
298 1337 433 1401 referam,
453 1337 489 1394 de
507 1340 614 1414 quibus
635 1339 732 1397 Wilda
753 1343 840 1398 rerba
860 1342 937 1400 facit.

157 1423 189 1457 ⁰⁷
233 1425 297 1482 Iler.
318 1427 423 1493 tttnd;
441 1446 497 1484 em.
518 1429 624 1485 illum.

157 1511 188 1546 ⁸⁸
233 1513 361 1570 'situlum
382 1513 435 1578 XI,
455 1516 486 1570 in
507 1515 576 1572 edit.
597 1516 665 1573 Iler.
688 1517 858 1593 inscriptum
882 1519 947 1576 Hoc
959 1523 1226 1591 transluceant,

112 1611 157 1659 et:
186 1602 233 1658 Be
259 1605 368 1660 honore
387 1607 578 1678 templorum,
598 1606 681 1662 cuius
701 1607 817 1664 initium
838 1617 880 1665 cst
899 1613 953 1684 qni
963 1615 1080 1686 sanaem
1100 1615 1224 1689 effrene·

112 1694 171 1756 rit,
201 1690 333 1747 additum
355 1691 449 1748 indico
487 1693 523 1748 ad
545 1695 633 1751 verba
655 1695 731 1752 tituli
752 1695 778 1754 V
798 1696 867 1772 legis
887 1697 978 1756 Fris:
999 1705 1064 1757 stne
1082 1705 1223 1775 composi·

113 1783 193 1836 tione
214 1781 311 1837 occidi
329 1789 435 1853 potest,
455 1785 509 1856 qut
519 1786 636 1855 sanaem
657 1787 792 1860 ffregit,
811 1805 904 1860 neque
926 1806 991 1845 acro
1011 1799 1092 1864 puto,
1102 1789 1221 1849 titulum

111 1867 282 1924 auctoritato
303 1871 377 1944 regis
398 1869 575 1927 Francorum
599 1872 653 1948 logi
674 1872 839 1929 Frisionum
860 1873 1002 1932 adiectum
1023 1896 1091 1936 esse.
1133 1879 1222 1935 Testi-

111 1959 211 2013 monin
240 1959 433 2034 inscriptionis
463 1959 596 2016 laudatae
627 1961 668 2018 tit.
700 1960 741 2016 XI
761 1961 797 2018 de
817 1961 909 2020 Frisia
929 1965 1076 2029 orientali,
1095 1965 1220 2024 Franco-

110 2066 180 2103 rum
210 2065 298 2122 reguo
329 2067 355 2104 a.
387 2047 443 2106 785
463 2049 601 2112 subiecta,
620 2050 769 2125 loquitur3
791 2051 865 2108 hanc
884 2054 922 2110 ob
941 2070 1057 2111 causam
1076 2055 1141 2113 lieri
1160 2075 1219 2113 non

109 2136 217 2212 potuit,
245 2145 277 2193 ut
305 2137 405 2193 titulus
433 2138 488 2212 legi
518 2138 653 2201 Frisioae,
670 2159 758 2214 quam
779 2160 797 2195 a
817 2141 932 2216 regibus
952 2139 1130 2200 Francorum
1150 2162 1219 2200 con·
1293 2164 1295 2168 ·

112 2225 203 2282 ditam
231 2226 355 2282 vidimus
374 2227 405 2281 in
427 2226 604 2283 Praelationo
623 2249 653 2304 p.
674 2227 796 2293 XXVII,
815 2239 881 2286 ante
891 2250 1002 2289 annum
1015 2231 1072 2290 785
1082 2233 1220 2290 adiicere-

110 2323 176 2377 tura
188 2333 240 2390 ego
252 2334 317 2371 vcro
335 2334 447 2378 censeo,
465 2315 496 2370 id
515 2325 577 2392 post
598 2336 708 2372 annum
720 2315 777 2373 802
796 2318 904 2376 factum
924 2339 993 2385 esse,
1014 2339 1071 2396 quo
1092 2329 1219 2398 tempore

109 2404 210 2462 titulos
230 2403 426 2460 antecedentes
445 2405 500 2480 legi
522 2405 607 2462 reteri
626 2404 738 2462 additos
757 2407 886 2482 expuam,
906 2408 968 2467 vide
987 2409 1079 2466 Praei.
1089 2429 1118 2486 p.
1128 2408 1217 2468 XLV.

110 2495 146 2552 In
178 2514 239 2569 cap.
271 2493 289 2549 2
317 2494 392 2550 tituli
424 2493 507 2551 XVII
540 2495 610 2570 legis
640 2493 714 2552 Fris.
735 2497 942 2573 praescriptum
962 2506 1015 2562 est,
1034 2508 1094 2555 »ut
1113 2502 1166 2575 qui
1186 2500 1219 2558 iu

109 2585 239 2649 ecclesia,
267 2593 316 2640 aut
347 2584 377 2638 in
408 2583 480 2640 atrio
511 2582 642 2640 ecclesiae
673 2584 820 2641 hominem
852 2586 998 2653 occiderit,
1017 2590 1113 2645 novies
1133 2607 1220 2646 uere·

109 2675 221 2751 gildum
253 2673 314 2730 eius
341 2682 504 2750 componat,
522 2682 551 2730 et
569 2673 665 2731 novies
684 2674 799 2730 fredam
820 2675 857 2730 ad
876 2685 989 2751 partem
1009 2677 1218 2743 dominicam”‚

109 2770 136 2818 et
168 2762 200 2816 in
231 2759 389 2836 capitular.
422 2780 449 2817 a.
469 2758 525 2816 785
546 2760 585 2834 (.)
606 2759 642 2815 de
661 2760 792 2836 partibus
812 2760 953 2818 saxoniae
974 2781 998 2819 c.
1022 2763 1054 2820 l=
1075 2773 1111 2821 nt
1131 2769 1219 2824 eecle-

109 2855 174 2908 siae
207 2847 337 2913 christi,
364 2870 440 2923 qnae
469 2850 555 2906 modo
586 2857 807 2906 construuntur
825 2852 858 2905 in
880 2849 1020 2908 Seceonia
1041 2861 1068 2908 et
1087 2853 1150 2910 Beo
1169 2874 1219 2910 aa·

110 2947 216 2996 erutae
242 2946 324 3001 stant,
343 2957 399 2994 non
419 2941 566 2994 minorem
586 2940 714 2995 taceant
734 2939 937 3002 honorem,
956 2941 1010 2997 sed
1027 2944 1171 2998 necionem
1191 2952 1219 3000 et

108 3029 357 3089 excellentiorem,
387 3045 479 3102 qnam
498 3031 582 3102 fanu
611 3027 784 3106 demeterent
809 3027 985 3094 Molonem
1004 3048 1079 3103 quae
1099 3031 1218 3105 quidem

109 3118 185 3193 leges
216 3136 232 3172 a
263 3115 370 3172 Karolo
401 3115 505 3192 Magno
535 3116 620 3172 datae
646 3116 760 3173 obstant
779 3116 920 3192 opinioni,
939 3117 1035 3193 ipsum
1054 3119 1111 3196 legi
1130 3119 1219 3178 Frisi-

109 3225 201 3264 onum
221 3204 338 3260 titulum
359 3202 401 3260 XI
421 3203 565 3267 adiecisse,
583 3203 616 3258 in
635 3222 692 3278 quo
721 3213 852 3260 sanctum
872 3214 924 3268 est,
943 3213 987 3267 ut,
1006 3208 1058 3282 qui
1077 3209 1218 3283 templum

108 3313 257 3372 paganum
287 3293 443 3368 effregerit,
475 3293 668 3349 »immoletur
698 3291 764 3355 diis.
793 3289 916 3367 quorum
939 3294 1046 3370 templa
1068 3294 1226 3353 violarit”.

109 3385 174 3441 Non
205 3390 245 3439 est
277 3381 412 3446 dubium,
441 3381 514 3458 quin
543 3379 656 3437 saeculo
687 3389 785 3436 octavo
816 3380 848 3434 iu
866 3379 960 3438 Frisia
979 3382 1123 3448 orientali,
1143 3385 1220 3441 inter

108 3472 254 3530 Wisaram
284 3480 312 3527 et
340 3471 489 3528 Laubachi
516 3471 581 3533 sita,
613 3468 719 3545 templa
739 3487 853 3545 pagana
871 3468 992 3534 fuerint,
1011 3489 1044 3528 ac
1066 3471 1218 3530 rerisImile

109 3570 162 3625 est.
189 3561 254 3617 lure
283 3559 448 3616 Frisionum
469 3577 649 3636 paganorum
670 3557 861 3615 vetustissImo
889 3559 1020 3617 homiues
1038 3561 1090 3636 qui
1111 3563 1218 3639 templa

108 3650 228 3707 deorum
260 3648 448 3713 violaverunt,
477 3667 512 3704 ee
539 3665 634 3723 poena
663 3645 815 3704 mulctatos
846 3666 916 3712 esse,
949 3649 1030 3706 cuius
1058 3649 1157 3708 titulus
1176 3651 1217 3710 XI

108 3727 285 3797 mentionem
316 3738 403 3800 facit3
425 3755 588 3812 numquam
608 3755 677 3793 vero
697 3736 812 3792 credam
833 3735 973 3793 Xarolum
994 3737 1144 3812 Magnum,
1164 3740 1219 3796 im·

108 3836 274 3906 peratorem
303 3825 504 3888 christianum,
532 3843 609 3880 anno
634 3823 692 3883 802
712 3823 892 3881 Frisionibus
912 3824 1108 3890 orientalibus.
1128 3845 1218 3903 regno

109 3916 286 3974 Franconico
318 3914 386 3971 iude
415 3915 453 3971 ab
484 3933 562 3971 anno
582 3911 639 3970 785
658 3912 804 3976 subiectis,
823 3932 949 3987 quorum
969 3932 1057 3990 pagos
1076 3914 1216 3992 episcopis

108 4003 326 4064 Monastcriensi
355 4012 384 4059 et
411 4002 558 4059 Bremensi
588 4001 768 4063 attribuerat,
798 3999 890 4075 legem
909 4000 1019 4067 tulisse,
1045 4022 1120 4077 quae
1151 4023 1216 4062 rer·

109 4091 247 4152 bum·.ad
279 4094 399 4149 verbum
430 4093 577 4148 enuntiata
610 4093 789 4148 Immomtnr
811 4091 885 4154 dits,
911 4093 964 4166 qni
982 4110 1084 4149 eornm
1105 4095 1216 4169 ternplo

106 4184 245 4241 violavit.
296 4181 347 4238 llis
376 4179 458 4237 dictis
488 4181 569 4237 omui
598 4180 683 4237 modo
714 4187 782 4236 sunt
801 4181 945 4236 contraria
965 4181 1091 4257 capitula
1110 4181 1129 4239 8
1149 4182 1215 4241 et9

106 4272 143 4329 de
173 4269 306 4348 partibus
334 4269 476 4327 saxoniae
506 4287 584 4326 anno
615 4266 672 4326 785
693 4267 733 4340 (9)
754 4267 923 4324 constitutae
943 4269 972 4324 si
990 4272 1060 4343 qais
1078 4271 1215 4346 deinceps

107 4365 140 4419 in
158 4369 247 4436 gente
267 4360 425 4418 Senonum
444 4363 527 4416 Inter
545 4377 590 4416 eoa
611 4361 705 4415 lutens
725 4376 782 4413 non
803 4359 975 4432 boptt‘aatns
998 4378 1027 4416 se
1038 4361 1215 4418 abscondere

105 4452 250 4511 voluterit,
271 4456 298 4505 et
318 4447 362 4504 od
379 4449 563 4522 baptisrnnm
584 4450 686 4505 venire
705 4448 924 4521 contempserit,
936 4465 1135 4525 pugnamque
1137 4451 1217 4523 per?

1052 4539 1068 4571 1
