3144 5460
497 590 567 638 nnx
589 585 798 637 rarsronnu.
1153 572 1194 635 13

91 839 115 872 ,,
140 792 315 876 redemisti,
340 818 400 861 nec
425 818 485 883 ego
511 797 543 862 t'e
567 795 714 860 libertate
738 795 854 862 donavi
864 795 890 872 ;’'
912 791 1104 880 respondeat
1127 791 1196 858 ille:

91 947 115 979 „
142 899 214 966 Aut
245 913 282 967 tu
314 925 387 967 cum
418 902 613 967 iuratoribus
645 901 709 966 tuis
741 923 815 980 sex,
849 901 900 967 vel
932 899 1119 976 duodecim,
1144 899 1197 964 vel

93 1029 117 1083 3,
142 1007 275 1093 viginti,
311 1009 364 1073 vel
401 1008 496 1073 etiam
528 1009 555 1072 si
578 1007 712 1094 triginta
737 1004 843 1073 dicere
868 1006 1026 1085 voluerit,
1057 1027 1108 1069 me
1138 1004 1197 1070 tibi

93 1155 116 1188 „
142 1123 339 1178 sacramento
377 1122 434 1177 tuo
466 1113 507 1178 ad
539 1114 727 1178 servitutem
759 1112 912 1196 adquire,
946 1121 1002 1176 aut
1033 1134 1084 1176 me
1122 1133 1195 1175 cum

93 1264 116 1296 ,‚
142 1219 220 1282 meis
259 1218 455 1284 iuratoribus
495 1219 608 1297 tantis,
646 1219 699 1283 vel
734 1218 848 1296 tantis,
885 1219 925 1283 ab
949 1218 1009 1281 hac
1038 1215 1196 1283 calumnia

93 1324 280 1399 „liberare
311 1323 486 1410 permittc.''
533 1320 569 1388 Si
602 1323 673 1402 ille,
706 1325 762 1408 qui
795 1323 942 1388 dominus
970 1325 1039 1388 eius
1074 1321 1195 1400 fuerat,

93 1449 168 1492 cum
202 1428 335 1493 totidem
368 1429 565 1507 hominibusr,
603 1434 727 1514 qu0t93
761 1430 790 1493 ei
821 1429 976 1514 propositi
1001 1438 1084 1506 sunt,
1108 1428 1196 1491 iura-

92 1556 131 1597 re
168 1532 259 1612 velit,
297 1537 466 1620 conquirat
497 1557 570 1598 eum
602 1534 662 1599 sibi
694 1534 735 1598 ad
767 1536 973 1612 servitutem3
998 1536 1046 1598 sin
1071 1544 1194 1612 autem,

90 1639 180 1702 iuret
211 1638 308 1718 alter,
349 1641 451 1728 etin
483 1640 630 1705 libertate
657 1650 850 1725 permaneat.
899 1639 980 1727 (111.)
1027 1637 1062 1706 Si
1075 1643 1108 1688 94
1140 1647 1197 1704 aut

92 1745 324 1825 calumniator,
356 1757 412 1810 aut
435 1745 488 1810 ilie
512 1746 565 1810 cui
589 1745 749 1810 calumnia
772 1747 914 1833 irrogata
938 1757 1000 1822 est,
1035 1768 1069 1810 se
1093 1745 1196 1810 solum
1298 1745 1302 1754 ”

93 1849 138 1914 ad
162 1852 351 1916 sacramenti
374 1851 562 1937 mysterium
587 1849 816 1937 perficiendum
840 1850 1027 1937 protulerit,
1052 1860 1084 1914 et
1107 1851 1198 1915 dixe·

93 1957 156 2019 rit:
205 2001 225 2034 „
251 1955 324 2044 Ego
356 1957 441 2021 solus
466 1958 573 2022 iurare
599 1957 689 2036 volo,
712 1966 759 2034 tu,
785 1957 811 2021 si
835 1955 952 2035 audes,
986 1979 1069 2042 nega
1094 1979 1199 2020 sacra·

95 2107 117 2138 ,‚
144 2073 286 2126 mentum
326 2084 451 2141 meum,
492 2073 524 2126 et
564 2061 659 2127 armis
694 2080 821 2128 mecum
857 2062 1015 2126 contende
1023 2063 1049 2139 ;’'
1080 2061 1198 2127 faciant

92 2167 192 2230 etiam
217 2166 314 2246 illud,
338 2169 364 2232 si
388 2169 449 2232 hoc
474 2169 518 2232 eis
541 2169 586 2232 ita
610 2167 785 2254 placuerit:
819 2169 904 2232 iuret
928 2191 1030 2247 unus,
1055 2179 1088 2233 et
1116 2170 1198 2233 alius

93 2282 213 2358 neget,
245 2283 276 2336 et
308 2272 340 2336 in
372 2296 520 2359 campum
545 2283 671 2338 exeant.
719 2273 793 2338 Hoc
817 2285 849 2338 et
874 2274 1031 2361 superiori
1055 2275 1197 2362 capitulo

93 2378 307 2443 constitutum
333 2389 380 2444 est
399 2383 440 2444 ⁹⁵.

489 2733 518 2797 T
543 2733 561 2797 Ι
585 2733 624 2799 Τ.
672 2733 802 2798 X1196.

423 2927 471 2974 na
495 2927 651 2976 nnnroro
677 2928 880 2976 saevoann.

646 3109 670 3154 1.

146 3195 183 3263 si
215 3219 328 3262 servus
360 3219 426 3261 rem
458 3217 605 3283 magnam
631 3195 807 3281 quamlibet
830 3196 955 3262 furasse
979 3196 1122 3277 dicatur,
1146 3199 1200 3264 vel

95 3326 215 3368 noxam
250 3302 404 3390 grandem
439 3313 659 3388 perpetrasse,
699 3300 846 3367 dominus
883 3303 951 3365 eius
987 3302 1019 3364 in
1056 3304 1200 3388 reliqniis

95 3420 283 3474 sauctorum
318 3431 377 3495 pro
413 3408 474 3473 hac
509 3431 544 3471 re
580 3408 688 3470 iurare
721 3406 836 3482 debet3
885 3404 954 3495 (Η.)
1003 3407 1028 3470 si
1054 3431 1130 3473 vero
1158 3407 1199 3472 de

95 3514 274 3580 minoribns
306 3512 400 3578 furtis
433 3524 466 3576 et
489 3513 580 3576 noxis
606 3535 624 3576 a
649 3532 742 3577 servo
766 3512 957 3597 perpetratis
980 3511 1078 3598 fuerit
1101 3515 1201 3580 inter·

95 3619 256 3708 pedatus,
281 3619 314 3684 in
339 3617 526 3684 vestimento
550 3617 603 3683 vel
627 3617 763 3704 pecunia
777 3620 808 3666 ⁹⁷
842 3617 950 3684 iurare
972 3620 1101 3705 poterit.
