3158 5464
301 551 364 615 100
529 550 625 613 Anu.
646 547 728 614 Sur.
770 545 799 608 Τ
822 562 833 606 1
856 561 888 609 r.
910 543 974 609 llI.
1017 544 1168 629 §oo-68.

301 743 482 821 perforatae¹'
503 743 535 799 in
555 751 626 800 nter
646 741 665 798 4
684 740 807 798 solidos''
828 739 859 795 iu
880 757 964 796 usum
985 739 1093 798 Frisine
1112 740 1223 798 mediae
1242 749 1326 796 auots
1345 749 1402 806 est3

301 835 334 890 in
363 851 426 909 oap.
447 831 485 891 65
504 834 548 890 tit.
567 832 612 890 lIl
632 830 706 888 ldd.
726 829 843 888 tandem
863 829 948 886 nobis
967 831 1093 887 ooourrit
1112 830 1220 887 mulera
1239 830 1404 890 »maxillae

300 926 524 998 transpunctae’'
545 921 577 977 iu
597 918 616 977 6
634 919 739 977 solidos
758 917 924 975 constituta.
964 917 1068 976 Utrum
1089 919 1247 995 capitulum
1262 918 1401 976 65mulo·

303 1018 360 1067 tam
390 1009 461 1086 legis
491 1008 562 1070 l'ris.
592 1009 692 1066 ueteris
719 1008 751 1064 iu
772 1025 858 1064 usum
878 1003 986 1064 Frisiae
1005 1006 1189 1065 occidentalis
1207 1017 1334 1084 repetere
1355 1027 1405 1066 ro-

300 1097 388 1155 luorit
416 1116 469 1154 neo
497 1117 545 1162 ne,
572 1097 739 1172 quaeritur3
760 1095 870 1154 litteras
890 1097 1045 1152 verborum
1066 1095 1124 1153 VI
1139 1097 1259 1160 solidos,
1277 1116 1352 1169 quae
1371 1099 1404 1155 iu

304 1205 368 1263 esp.
400 1185 437 1244 65
468 1185 600 1243 editionis
630 1185 820 1242 lleroldiauae
839 1183 988 1260 leguntur,
1007 1183 1040 1239 in
1060 1192 1107 1241 ter
1126 1183 1186 1243 JV
1201 1185 1311 1242 solidos
1340 1204 1405 1241 mu·

302 1284 364 1332 tare
383 1274 463 1332 haud
482 1275 649 1332 sustineam.

343 1363 373 1398 ²⁰
416 1363 485 1438 Gap,
515 1362 552 1420 66
580 1362 711 1419 additum
746 1369 787 1418 est
817 1359 943 1436 capitulo
972 1358 1011 1418 83
1041 1361 1118 1418 tituli
1148 1360 1232 1419 XXII
1250 1361 1307 1438 leg,
1326 1361 1405 1418 Fris.

301 1452 337 1509 In
367 1452 430 1509 iure
458 1450 565 1508 rmioo
592 1451 748 1508 recentiore
777 1449 908 1506 oriminis
937 1450 1163 1524 nepveu-depone
1195 1451 1349 1515 nominati,
1368 1450 1406 1506 de

301 1560 359 1616 quo
388 1540 505 1615 quidem
534 1541 587 1596 hoo
615 1539 679 1596 loeo
708 1539 870 1602 disseritur,
900 1545 957 1594 tres
987 1537 1093 1614 gradus
1113 1538 1329 1596 discernuntur.
1369 1537 1408 1594 In'

301 1630 373 1706 legis
401 1628 473 1686 Fris.
501 1627 602 1685 veteris
621 1626 748 1703 oapitulo
767 1625 887 1683 laudato
905 1626 1013 1682 mulcta
1033 1635 1275 1684 commemoratur
1296 1626 1328 1683 in
1348 1627 1407 1682 ori-

302 1718 391 1774 minis
418 1716 511 1794 gradu
539 1715 651 1772 minore
678 1714 825 1780 solvenda,
853 1723 882 1771 et
900 1714 933 1770 iu
952 1715 1078 1790 capitulo
1099 1715 1132 1772 41
1156 1715 1233 1772 tituli
1252 1715 1297 1772 lIl
1318 1715 1418 1784 todi<

302 1805 389 1862 tionis
415 1806 447 1861 in
476 1824 560 1861 usum
596 1803 708 1860 Frisios.
734 1803 846 1860 mediae
876 1802 1062 1860 constitutum
1082 1812 1135 1869 est,
1155 1813 1187 1860 ut
1208 1805 1278 1860 haee
1297 1804 1407 1860 mulcta

302 1903 347 1950 ter
376 1902 548 1950 sumeretur.
593 1891 762 1968 Capitulum
793 1890 831 1948 66
859 1890 936 1948 tituli
966 1890 1011 1948 lIl
1041 1891 1201 1949 Additionis
1229 1892 1405 1950 mentionem

303 1982 370 2039 fauit
391 1981 514 2039 mulctae
532 1981 564 2038 iu
585 1981 715 2038 oriminis
735 1980 804 2036 dieti
824 1979 917 2056 gradu
936 1981 1045 2037 maiore
1064 1981 1095 2037 in
1116 1981 1209 2037 Frisia
1236 1980 1408 2037 oooidentali

303 2070 465 2134 solvendae,
492 2077 519 2126 et
551 2070 637 2127 rerba
667 2077 714 2126 ter
733 2067 813 2125 XII
828 2071 892 2133 eoi,
911 2069 1020 2144 quibus
1042 2069 1200 2146 capitulum
1221 2069 1322 2132 utitur,
1340 2089 1407 2145 pro-

304 2160 377 2216 bant
405 2159 544 2215 muletam
575 2167 698 2216 veterem
728 2157 799 2214 iuris
829 2157 942 2223 misici,
973 2177 1061 2234 quam
1091 2167 1182 2215 textus
1214 2167 1309 2215 noster
1335 2159 1408 2234 legis

306 2246 430 2324 Erisime
458 2247 559 2304 ueteris
578 2246 690 2303 silentio
709 2245 859 2321 praeterit,
877 2254 922 2303 ter
943 2265 1004 2304 esse
1023 2247 1204 2305 sumendam.
1244 2246 1326 2305 Geni.
1346 2254 1408 2304 not.

350 2425 381 2460 ²¹
423 2423 527 2484 Verbis
553 2423 674 2500 capituli
704 2421 741 2479 66
772 2401 945 2480 eonferenda
975 2432 1042 2480 sunt
1061 2443 1095 2480 ea
1114 2423 1221 2499 quibus
1238 2425 1314 2500 leges
1334 2424 1409 2486 Fris.

307 2513 477 2570 recentiores
496 2521 629 2576 utuntur,
648 2511 730 2569 ride:
751 2513 870 2568 inversa
889 2532 940 2568 rozo
959 2531 1029 2570 enne
1048 2533 1115 2570 mou
1135 2516 1253 2588 roeoptlr
1275 2515 1313 2586 of
1326 2514 1409 2588 slipi

213 2673 217 2678 ι
308 2603 406 2676 ieftlra
434 2602 471 2674 of
485 2619 567 2658 onere
586 2603 692 2676 breqpe
711 2618 772 2656 una
792 2618 826 2655 en
846 2601 973 2656 nolendo
992 2604 1092 2666 wetir,
1113 2604 1175 2659 tlret
1193 2601 1355 2676 higmari
1373 2621 1409 2658 oe

307 2690 380 2748 lond
407 2691 564 2764 sperthera
593 2708 629 2746 00
657 2708 744 2763 spero
775 2707 821 2744 me
850 2690 895 2745 mi
925 2691 1004 2745 mitia
1014 2692 1105 2764 foton
1126 2709 1160 2746 00
1179 2692 1258 2747 mitt
1278 2691 1410 2756 bordon,

305 2779 396 2837 Fries.
425 2778 557 2854 lleolstsq.
586 2798 616 2855 p.
646 2777 703 2842 95,
720 2776 767 2835 22.
796 2777 864 2842 232,
885 2776 930 2834 ll.
959 2777 1027 2842 339,
1047 2777 1093 2836 34.
1124 2777 1193 2844 463,
1214 2777 1241 2836 4.
1271 2777 1339 2845 446,
1359 2779 1408 2838 32.

307 2866 375 2932 455,
395 2866 424 2924 3.
452 2865 520 2932 493,
540 2865 588 2924 20.
617 2864 685 2925 497.
705 2864 752 2922 26.
801 2864 837 2921 10
868 2864 998 2922 oriminis
1025 2865 1095 2922 dicti
1114 2865 1207 2942 gradu
1228 2867 1264 2924 de
1283 2887 1341 2944 quo
1361 2888 1410 2928 ua-

306 2955 432 3034 pitulum
460 2953 500 3012 83
529 2955 607 3011 tituli
635 2952 718 3011 xxti
745 2953 801 3030 leg.
832 2953 905 3011 Fris.
925 2953 1049 3020 disserit,
1068 2955 1155 3012 homo
1174 2955 1269 3015 laesus
1288 2957 1325 3014 de
1344 2963 1410 3034 ripa

307 3042 439 3102 fluminis
469 3043 514 3099 rel
541 3043 632 3098 fossae
660 3041 694 3098 in
726 3061 833 3118 aquam
865 3042 970 3113 eiectus
990 3051 1042 3106 est,
1071 3043 1147 3100 oonl.
1180 3046 1267 3101 rerba
1287 3047 1411 3121 capituli

307 3129 436 3188 laudati:
473 3133 526 3206 qui
562 3132 655 3186 iuxta
684 3148 796 3204 aquam
824 3137 954 3187 stantem
982 3133 1189 3205 impinxerit5
1218 3128 1250 3188 in
1279 3134 1411 3193 oriminis

308 3229 404 3277 autem
424 3219 518 3296 gradu
537 3218 645 3276 maiore
669 3218 719 3275 ille
739 3219 774 3276 de
794 3219 862 3277 navi
882 3219 926 3277 rel
945 3219 981 3276 de
1000 3229 1087 3296 ponte
1106 3221 1138 3277 in
1157 3240 1263 3298 aquam
1283 3223 1411 3281 deiectus

309 3317 363 3374 est,
390 3315 422 3365 nt
451 3308 527 3385 leges
556 3304 678 3365 Frisioae
707 3307 878 3364 reoentiores
905 3307 1010 3365 allatae
1039 3319 1275 3376 commemorant,
1303 3314 1411 3388 quibus

310 3397 485 3455 eonferenda
512 3407 580 3454 sunt
608 3398 697 3455 rerba
726 3397 797 3474 legis
827 3397 933 3456 Saron.
961 3397 986 3455 1.
1016 3417 1041 3456 e.
1064 3399 1100 3457 9:
1120 3402 1149 3456 si
1168 3403 1236 3477 pois
1254 3403 1355 3460 elizam
1375 3403 1412 3459 de

304 3495 396 3562 ponte
426 3489 472 3542 oei
497 3489 570 3542 naui
599 3488 646 3542 uel
673 3487 746 3560 ripn
773 3489 807 3542 in
828 3490 949 3562 flueren
968 3489 1161 3562 impinxerit,
1185 3497 1213 3546 ot
1233 3493 1321 3548 rerba
1340 3490 1412 3567 legis

311 3575 454 3633 Baiuwar.
482 3572 538 3636 111,
565 3572 601 3632 22
620 3576 649 3630 si
667 3575 852 3647 quinalium
872 3576 1000 3650 deripe
1018 3579 1066 3633 uel
1083 3577 1224 3652 deperite
1244 3581 1278 3636 in
1297 3599 1412 3655 aqrram

311 3664 510 3737 1000600001,
526 3661 605 3738 quod
624 3659 805 3719 Buiuworii
823 3665 856 3719 in
875 3683 989 3720 ronruarr
1008 3665 1126 3738 dieunt.

354 3751 384 3786 ²²
428 3750 593 3827 Capitulum
624 3749 660 3808 67
690 3751 821 3808 additum
852 3761 892 3808 est
922 3753 1048 3830 capitulo
1074 3753 1114 3811 87
1143 3755 1220 3812 tituli
1248 3755 1333 3814 XXII
1354 3756 1414 3834 leg.

312 3841 396 3918 Eris,
425 3849 454 3897 et
482 3840 791 3897 „remunerationem”
823 3840 868 3899 rel
898 3843 1107 3900 »mercedem’
1137 3843 1244 3902 ibidem
1273 3845 1305 3901 in
1327 3865 1412 3903 usum

311 3931 420 3989 Frisios
439 3929 551 3988 mediae
570 3929 764 3994 eonstitutam,
782 3929 813 3986 iu
842 3949 926 3986 usum
956 3931 1064 3988 Frisiae
1092 3933 1275 3991 occidentalis
1296 3935 1412 4010 repetiit

312 4018 471 4078 nonenim
491 4017 598 4076 dietum
618 4025 670 4083 est,
689 4017 849 4075 mercedem
869 4021 1043 4096 propositam
1064 4029 1107 4078 ter
1126 4041 1184 4079 esse
1203 4023 1387 4082 sumendam.

355 4107 387 4142 ²³
427 4106 463 4180 ln
492 4107 555 4184 lege
584 4104 748 4164 Frisiorum
768 4115 862 4164 vetere
881 4109 1007 4184 capitula
1026 4110 1110 4166 nulla
1128 4111 1413 4188 1000100100,οιιί-

313 4197 368 4254 bus
397 4195 505 4252 adieota
535 4195 593 4252 siut
622 4195 748 4271 capitula
778 4193 889 4254 68-70
919 4197 993 4254 tituli
1026 4198 1071 4255 lll
1094 4199 1266 4265 Additiouis,
1285 4219 1359 4276 quae
1379 4203 1412 4259 in

312 4304 398 4342 usum
417 4284 524 4340 Frisiae
542 4283 735 4348 occidentalis,
754 4303 813 4342 uon
833 4284 941 4341 Frisios
960 4285 1107 4344 orientalis
1127 4298 1154 4344 et
1173 4288 1285 4344 mediae
1304 4289 1411 4366 scripta

309 4392 373 4432 esse
403 4371 518 4428 iudicio.
558 4371 691 4446 capitula
710 4372 785 4428 diota
804 4392 863 4429 non
883 4372 1028 4450 disputare
1049 4376 1084 4432 de
1104 4375 1167 4433 iure
1187 4376 1296 4433 Frisiae
1314 4377 1410 4434 orien-
