3156 5464
512 573 628 636 Iuoux
649 572 791 635 Runuu.
1138 565 1196 626 141

139 771 238 828 ticulus
269 768 383 832 iudicis,
401 777 455 826 etc.
476 766 564 825 Add.
586 766 642 831 ΙΙΙ,
663 765 783 824 50-51a
805 765 851 824 58.
873 769 923 823 tea
943 765 1025 824 Fris.
1046 761 1199 828 XXII,66‚

141 859 184 934 Oj.
205 858 324 934 digitus·

105 949 260 1004 infensa
281 948 379 1003 inians
398 955 530 1003 enecatus
551 965 568 1000 a
589 954 679 1000 matre
700 944 737 1008 V,
760 945 784 1002 l.
806 944 834 1004 2.
859 945 904 1020 Uj.
925 965 1008 1022 puer.

106 1037 291 1094 inferre:
323 1037 347 1092 si
379 1036 482 1092 vulnus
511 1035 643 1090 intulerit
664 1035 753 1091 And.
774 1033 829 1099 ΙΙΙ,
848 1035 894 1093 49.
917 1034 1086 1112 68.}70;4si
1106 1035 1202 1092 defor-

139 1127 219 1182 mitas
239 1127 322 1182 illata
342 1126 430 1182 suerit
451 1125 540 1181 Actu.
562 1123 618 1188 ΙΙΙ,
642 1125 693 1186 16;
715 1128 755 1198 cf.
777 1124 891 1182 vulnus.

17 1229 19 1232 ·
106 1216 336 1290 ingenium:
367 1215 390 1270 si
421 1215 526 1271 nobilis
547 1214 673 1270 nobilem
693 1232 747 1289 per
766 1215 914 1290 ingenium
936 1214 993 1271 alio
1013 1215 1049 1270 ad
1070 1215 1200 1273 occiden-

139 1305 205 1360 dum
226 1305 387 1380 exposuerit
407 1302 447 1367 ΙΙ,
471 1305 494 1360 1.
518 1302 564 1377 Os.
588 1302 730 1358 voluntas.

106 1393 161 1448 ini
174 1394 308 1450 icere:
330 1393 380 1467 qui
400 1391 491 1449 libero
521 1391 632 1448 homini
652 1409 755 1448 manus
774 1391 905 1448 iniecerit
924 1391 1019 1458 XXII,
1038 1390 1086 1449 82.
1108 1393 1198 1451 Add.

140 1480 211 1547 IIIb,
231 1481 257 1538 l.
274 1501 310 1556 p.
332 1481 378 1540 35.

105 1571 359 1627 inimicitia:
391 1569 554 1626 inimicitias
584 1570 815 1644 propinquorum
847 1569 974 1626 hominis
1005 1571 1086 1627 occisi
1107 1572 1199 1648 patia-

141 1669 185 1717 tur
212 1659 253 1724 ΙΙ,
283 1659 311 1716 2.
343 1659 371 1716 3.
402 1657 430 1716 5.
463 1650 490 1715 6.
512 1657 548 1714 8·
569 1658 735 1714 inimicitias
754 1666 846 1733 portet
866 1659 927 1714 eius
946 1659 1027 1715 cuius
1046 1662 1199 1736 pecuniam

139 1750 254 1806 abstulit
276 1748 316 1812 ΙΙ,
339 1748 382 1805 ΙΙ.
407 1746 453 1820 Cf.
473 1747 598 1803 amicitia
619 1756 648 1803 et
666 1747 803 1804 faidosus.

105 1839 326 1894 innocens:
357 1855 430 1910 puer
461 1835 586 1910 quilibet
617 1835 755 1891 innocens
784 1833 862 1898 XIV,
894 1835 927 1898 l;
948 1836 998 1910 qui
1018 1837 1201 1895 innocentem

140 1928 270 2003 ligaverit
299 1925 395 1990 XXII,
426 1923 483 1988 823
503 1924 668 1980 innocentes
687 1933 786 1988 erunt,
805 1923 828 1980 si
849 1933 893 1980 etc
923 1924 1003 1987 XIV,
1025 1925 1050 1983 l.
1071 1925 1106 1990 23
1127 1936 1154 1984 et
1174 1947 1203 1983 se

139 2016 260 2073 ferventi
280 2033 356 2089 aqua
375 2013 557 2070 innocentem
577 2012 707 2068 ostendat
728 2012 807 2076 XIV,
826 2012 854 2069 3.
877 2011 923 2088 Cf
935 2033 1010 2069 rous.

106 2105 373 2180 iupeicrarez
402 2110 554 2178 componat
584 2101 663 2157 iuxta
691 2101 893 2176 quantitatem,
913 2122 971 2177 qua
991 2122 1052 2161 rem
1073 2105 1135 2161 eius
1155 2104 1201 2162 iu-

140 2195 276 2269 peicrarit
297 2192 386 2248 Add.
407 2191 445 2254 Χ,
467 2190 491 2246 l.
514 2189 561 2262 Cf.
581 2191 722 2265 peiorare.

106 2284 375 2339 interficere:
405 2279 570 2336 interfectus
599 2279 630 2334 in
664 2279 801 2336 seditione
821 2280 921 2355 populi
941 2280 1021 2346 XIV,
1045 2283 1078 2345 1,
1099 2283 1122 2338 si
1142 2303 1202 2340 ser-

141 2389 190 2427 vus
220 2371 315 2447 (litus)
346 2369 497 2424 domiuum
525 2387 609 2424 suum
639 2369 822 2432 interfecerit,
842 2371 990 2425 tormentis
1010 2371 1202 2428 interficiatur

139 2460 199 2525 XX,
218 2461 246 2518 3,
271 2459 318 2532 Cf.
337 2458 476 2522 occidere,
495 2476 622 2514 enecare.

107 2549 338 2606 inlerioraa
369 2556 399 2602 ut
427 2545 534 2603 vulnus
564 2547 602 2602 ad
620 2546 759 2603 interiora
780 2548 888 2604 venerit
909 2547 998 2605 Add.
1019 2548 1076 2612 ΙΙΙ,
1096 2549 1134 2608 30
1156 2550 1202 2625 Cf.

141 2640 253 2696 vulnus.

107 2725 394 2803 interpellaret
423 2725 475 2797 qui
507 2725 597 2780 alium
626 2725 721 2780 furem
751 2724 945 2798 interpellarit
972 2724 1029 2788 ΙΙΙ,
1058 2727 1095 2792 9;
1124 2729 1147 2784 si
1167 2729 1203 2784 do

142 2815 301 2872 minoribus
329 2813 415 2871 furtis
443 2813 531 2868 fuerit
564 2813 762 2888 interpellatus
782 2811 852 2877 XII,
870 2810 905 2874 2,
926 2813 961 2868 de
981 2815 1133 2873 homicidio
1153 2817 1205 2872 hc·

142 2905 230 2960 mines
260 2903 444 2978 interpellare
474 2900 552 2965 XIV,
585 2901 670 2964 1-5,
694 2902 743 2958 ille
763 2900 814 2976 qni
834 2901 1007 2957 homicidam
1027 2921 1093 2959 eum
1114 2905 1205 2962 inter·

141 2994 270 3068 pellarit,
290 2993 366 3048 dicat
386 3009 414 3047 se
434 2990 465 3045 in
485 2989 589 3064 placito
609 2991 725 3066 publico
745 3009 812 3046 eum
832 2991 1018 3066 interpellare
1040 2995 1112 3049 velle
1123 2994 1203 3060 XIV,

143 3081 169 3139 4.
191 3081 237 3156 Os.
258 3101 390 3158 arguere,
409 3079 596 3144 calumniare,
616 3081 771 3156 imputare,
790 3080 990 3152 incriminare.
1078 3124 1079 3127 η

107 3171 418 3248 interpellatore
448 3168 481 3224 in
510 3168 564 3224 hoc
593 3168 803 3246 interpellatori
833 3171 956 3226 sufficiat
987 3170 1068 3236 XIV,
1096 3169 1132 3236 2;
1162 3176 1202 3247 cs.

141 3261 333 3338 interpellare.

108 3349 363 3410 intestinum
396 3353 533 3410 intestina
563 3351 606 3407 rel
626 3348 725 3406 butelli
743 3347 880 3423 perforati
902 3346 977 3404 Iud.
999 3345 1086 3405 Wocl.
1106 3346 1143 3411 3,
1164 3353 1203 3424 cs.

143 3441 273 3497 botellus,

110 3526 290 3584 inutilis:
321 3529 345 3583 si
376 3529 482 3605 digitus
513 3527 702 3604 (membrum)
730 3523 843 3580 inutilis
868 3523 1036 3599 pependerit
1054 3525 1143 3584 Adel.
1164 3527 1205 3594 ΙΙ,

146 3617 189 3674 ΙΙ).
209 3617 267 3682 ΙΙΙ,
288 3616 335 3674 46,
358 3617 404 3693 Os.
425 3637 557 3676 mancus·

108 3705 313 3762 invenire:
344 3707 367 3762 si
400 3707 544 3763 homicida
575 3723 634 3761 non
665 3703 770 3780 poterit
799 3702 926 3759 inveniri
956 3702 1035 3767 XIV,
1069 3703 1081 3760 l
1106 3707 1159 3781 (cf.
1180 3707 1205 3764 si

143 3797 321 3871 campionem
341 3795 470 3852 invenire
489 3795 613 3872 potuerit
632 3793 713 3856 XIV,
732 3791 775 3867 7).

108 3883 182 3940 irae
212 3886 236 3940 si
257 3885 322 3958 quis
341 3884 432 3941 alium
452 3885 597 3959 perirem
618 3879 790 3958 percusserit
810 3877 905 3941 XXII,
928 3877 961 3942 Ι,
982 3882 1021 3953 cs.
1041 3879 1141 3938 iratus.
1211 3895 1212 3898 ’

108 3971 256 4030 iratus:
287 3973 311 4029 si
331 3973 395 4047 quis
414 3975 506 4030 allum
525 3973 616 4028 iratus
635 3988 685 4044 per
706 3968 825 4044 capillos
844 3967 1091 4043 comprehenderit
1109 3969 1205 4040 XXII,

146 4061 198 4126 65,
220 4066 259 4134 cf.
279 4063 324 4118 ira
343 4071 371 4118 et
390 4063 552 4138 ingenium,
571 4061 713 4118 noluntas.

109 4149 309 4226 irrogaret
340 4151 387 4208 cui
407 4153 551 4208 calumnia
571 4151 697 4224 irrogata
717 4157 759 4204 est
778 4146 829 4212 XI,
850 4145 877 4204 3.
901 4145 948 4217 Of.
969 4145 1154 4220 calumniare.

109 4238 246 4297 indere
277 4241 363 4305 iuret,
393 4241 474 4298 iuxta
503 4240 580 4315 quod
610 4239 696 4295 iudex
726 4236 876 4292 dictaverit
905 4235 958 4300 IV,
986 4233 1022 4300 33
1042 4235 1207 4316 interpellet

144 4346 209 4384 eum
230 4329 262 4384 in
280 4330 386 4406 placito
406 4348 503 4387 coram
522 4327 666 4386 iudicibus
685 4325 764 4388 XIV,
784 4324 812 4382 4.

111 4416 311 4475 iudicare:
343 4417 362 4473 4
391 4419 473 4477 solid.
504 4417 655 4494 culpabilis
682 4416 825 4472 iudicetur
852 4411 962 4476 XVIII,
994 4414 1026 4477 l,
1047 4415 1079 4471 in
1099 4417 1207 4493 simplo
