3156 5464
515 551 632 613 quen
653 549 793 612 uranu.
1147 553 1205 612 lon

109 761 165 800 ost
196 751 226 797 ut
255 743 355 798 oculus
376 744 420 798 vel
440 763 470 799 os
491 751 658 818 torqueatur
680 744 770 800 Ado.
792 742 848 808 ΙΙΙ,
872 743 907 801 18
927 754 953 800 et
974 745 1049 801 Iud.
1071 743 1157 801 Wul.
1178 743 1205 801 7.

146 831 283 904 (uterque
303 835 382 888 locus
403 834 550 888 invidetne
571 831 616 886 W
614 834 746 888 ademari
764 839 828 904 θεῖ).
852 833 900 906 Os.
922 834 1037 890 vulnus.

107 939 161 978 os:
191 920 216 975 si
236 939 266 975 οε
287 922 320 989 (i.
341 941 364 977 e.
387 925 468 994 testa)
488 922 665 996 perforatum
685 921 773 976 fuerit
793 921 890 985 XXII,
910 923 942 986 6,
963 924 986 978 si
1007 943 1037 977 os
1056 922 1205 996 quodeun-

142 1027 200 1083 que
230 1010 306 1065 ferro
334 1011 493 1083 praecisum
524 1011 613 1066 fuerit
648 1011 738 1066 Adri.
768 1009 825 1073 III,
846 1011 900 1074 27,
921 1013 945 1067 si
965 1011 1074 1068 ferrum
1096 1011 1126 1066 iu
1147 1031 1207 1068 osse

141 1098 251 1172 figatur
280 1099 370 1154 Adel.
401 1098 456 1160 III,
478 1097 532 1160 25,
555 1099 577 1154 si
598 1119 629 1154 os
652 1099 686 1171 (i.
707 1117 729 1154 e.
750 1104 833 1169 testa)
853 1101 1021 1175 apparuerit
1042 1101 1130 1156 Add.
1151 1099 1207 1163 III,

141 1184 198 1248 26,
219 1186 244 1240 εἰ
264 1205 323 1242 ossa
345 1188 482 1262 (brachii)
502 1188 593 1244 fraota
614 1187 719 1242 fuerint
744 1186 837 1252 XXII,
858 1188 906 1251 25.
926 1188 981 1252 263
1002 1189 1026 1244 si
1045 1209 1076 1245 os
1096 1195 1206 1260 (coxae)

141 1282 335 1330 transversum
355 1275 473 1350 fregerit
493 1276 586 1339 XXII,
607 1275 656 1339 60,
676 1277 701 1330 si
720 1295 781 1330 ossa
802 1275 837 1332 de
850 1277 966 1332 vulnere
976 1279 1099 1334 exierint
1109 1277 1205 1341 XXII,

141 1361 159 1417 7
165 1362 263 1418 1-74.
284 1363 374 1420 Auci.
395 1362 451 1426 ΙΙΙ,
471 1363 517 1420 24.
542 1364 589 1438 Os.
611 1373 692 1426 testa,
711 1365 793 1421 tibia.

103 1453 351 1508 ostendere:
380 1452 502 1508 ferventi
531 1472 607 1527 aqua
637 1471 665 1508 se
695 1453 879 1510 innocentem
910 1454 1040 1510 ostendat
1069 1454 1149 1519 XIV,
1168 1456 1203 1518 3;

140 1541 232 1597 alium
263 1560 345 1596 reum
374 1541 521 1597 homicidii
552 1542 681 1598 ostendat
711 1541 791 1605 XIV,
819 1541 855 1605 43
877 1543 946 1598 deus
966 1545 1128 1601 exorandus
1147 1545 1205 1602 evi·

139 1629 221 1684 denti
241 1629 321 1704 signo
341 1631 481 1696 ostendat,
501 1632 552 1704 qui
572 1651 669 1687 verum
690 1628 831 1687 iurassent
851 1630 927 1688 XIV.
952 1632 975 1688 l.

102 1719 211 1776 ovis:
240 1719 279 1783 ΙΙ,
302 1718 345 1776 ll.
367 1719 419 1781 IV,
439 1719 467 1776 2.
491 1718 537 1792 Os.
559 1720 679 1776 animal.

102 1891 313 1973 Pagan‘usr
342 1896 393 1970 qni
413 1897 591 1972 mancipium
616 1899 645 1952 iu
666 1915 792 1971 paganas
813 1905 911 1970 gentes
933 1897 1093 1955 vendiderit
1112 1899 1207 1964 XVII,

138 1987 168 2043 5.
192 1984 239 2061 Of.
260 1985 373 2048 fanum,
393 1985 551 2042 immolare.
1121 2043 1134 2066 ·

100 2075 258 2150 palma:
287 2075 386 2150 palma
416 2093 518 2130 manus
548 2074 670 2131 absoissa
700 2072 792 2132 XXII.
823 2073 871 2130 3²1.
901 2074 989 2131 Add.
1022 2074 1063 2142 ΙΙ,
1093 2078 1120 2138 6.
1156 2078 1203 2151 Cf.

97 2183 330 2330 paillapllllsllra:
360 2253 384 2307 si
413 2251 582 2328 palpebram
616 2241 809 2307 vulneraverit
841 2250 937 2316 XXII,
971 2253 1014 2310 15.
1039 2253 1127 2313 Add.
1148 2257 1203 2320 ΙΙΙ,

139 2341 188 2398 19.
211 2339 258 2416 Os.
278 2341 386 2397 oculus.

97 2439 221 2507 pant:
250 2430 364 2485 sustulit
394 2429 524 2505 pignoris
553 2431 681 2492 nomine,
699 2429 776 2502 quod
797 2437 868 2503 pant
888 2427 987 2486 dieunt
1010 2432 1099 2489 Adit.
1121 2433 1205 2499 VIII,

136 2520 168 2578 2.
193 2517 238 2590 Cf.
260 2520 374 2594 pignus.

97 2617 326 2684 parentes:
348 2608 371 2664 si
400 2608 464 2682 quis
484 2609 605 2664 liberam
626 2607 783 2664 foeminam
804 2616 882 2662 extra
905 2608 1078 2666 voluntatem
1100 2633 1204 2686 paren·

136 2708 203 2754 tum
222 2698 283 2753 eius
305 2716 421 2754 uxorem
441 2698 554 2754 duxerit
575 2696 627 2760 lX,
650 2697 693 2754 ll.
718 2695 764 2770 Os.
785 2705 879 2771 pater,
902 2705 986 2752 tutor.

95 2788 264 2864 paries:
294 2788 427 2845 sinnam
455 2787 593 2863 parietem
624 2785 711 2859 (nasi)
732 2786 950 2861 transpunxerit
969 2785 1057 2843 Adel.
1080 2787 1134 2852 ΙΙΙ,
1155 2789 1202 2848 64.

136 2877 193 2950 (es.
213 2877 352 2950 parietem
371 2876 473 2932 domus
498 2875 531 2939 V,
555 2876 591 2949 l).
615 2873 661 2948 Cf.
683 2894 779 2930 nasus.

94 2984 174 3041 par
189 2965 223 3020 ri
236 2982 251 3018 o
263 2965 272 3019 i
284 2965 302 3019 d
314 2965 324 3020 i
336 2983 354 3019 n
368 2984 413 3022 me
445 2965 486 3020 lle
505 2962 668 3040 parricidiis
688 2962 766 3026 XIX,
785 2965 878 3020 inser.
901 2961 949 3036 (If.
969 2962 1168 3026 homicidium.

94 3063 240 3131 pater:
269 3053 293 3109 si
321 3053 386 3128 quis
416 3053 542 3128 puellam
571 3051 751 3128 rapuerit..,
782 3051 897 3107 tertium
918 3053 1103 3127 weregildum
1124 3059 1202 3131 patri

134 3145 197 3200 sive
228 3142 314 3198 tutori
346 3142 461 3218 puellae
480 3142 533 3198 IX.
553 3142 590 3205 9,
610 3142 632 3198 si
654 3141 718 3215 quis
738 3140 856 3196 fratrem
877 3160 962 3196 suum
983 3143 1128 3208 oooiderit,
1147 3147 1203 3202 sol·

133 3239 186 3288 vat
214 3250 281 3287 eum
298 3233 437 3306 ...patri
468 3229 546 3292 XIX,
566 3229 602 3294 2,
624 3230 647 3286 si
667 3229 732 3304 quis
750 3237 860 3303 patrem
881 3248 965 3284 suum
985 3231 1129 3292 ooeiderit,
1149 3243 1201 3292 etc.

92 3409 263 3487 patriae
292 3409 316 3463 si
346 3407 397 3482 qui
427 3427 493 3464 eum
524 3406 626 3463 oeeidit
656 3405 751 3480 patria
782 3405 880 3460 relicta
900 3407 1058 3481 profugerit
1079 3411 1113 3480 (si
1136 3430 1201 3468 voro

131 3498 215 3554 infra
236 3496 358 3572 patriam
379 3505 431 3560 est,
450 3498 515 3566 ete.)
536 3494 575 3558 ΙΙ,
598 3494 622 3552 l.
645 3494 726 3552 3-7.
752 3493 804 3557 ΙΙ,
825 3495 848 3549 si
868 3493 933 3568 quis
953 3496 1099 3554 hominem
1122 3510 1200 3558 extra

131 3587 263 3663 patriam
284 3585 442 3641 vendiderit
463 3584 541 3648 XXI,
565 3585 590 3640 I.
614 3582 660 3658 Os.
681 3583 810 3640 exilium.

91 3696 139 3752 pa
151 3696 191 3732 xe
211 3675 248 3750 de
267 3693 336 3749 paee
355 3675 459 3730 laidosi
479 3673 568 3730 And.
591 3673 625 3738 I,
645 3677 737 3730 inser.
747 3693 759 3738 ,·
780 3691 879 3749 paoem
899 3673 1004 3729 habeat
1024 3675 1150 3734 faidosus
1169 3681 1200 3736 iu

131 3763 275 3826 ecelesia,
301 3765 333 3820 in
361 3763 447 3819 domo
478 3772 531 3819 ete.
559 3760 649 3819 Add.
679 3762 713 3827 I,
735 3761 769 3825 Ι,
802 3762 853 3835 qui
873 3761 949 3817 hane
969 3781 1069 3836 paoem
1089 3765 1200 3842 effregit

131 3853 226 3909 Add.
247 3852 278 3916 Ι,
304 3851 328 3908 Ι.
352 3851 399 3924 Qf.
421 3852 557 3908 faidosus.

89 3951 252 4019 peetusr
274 3941 297 3996 si
317 3941 381 4014 quis
401 3942 490 3996 alium
511 3950 608 4016 peetus
627 3941 763 3996 foraverit
783 3938 880 4002 XXII,
902 3938 949 3996 47.
970 3939 1058 4000 And.
1078 3942 1133 4006 III,
1155 3944 1201 4002 215.

88 4031 288 4107 pecunia:
308 4035 339 4101 a)
359 4031 383 4086 si
403 4031 470 4086 litus
495 4049 524 4086 so
549 4029 665 4104 propria
684 4029 808 4104 pecnnia
828 4048 845 4083 a
865 4028 983 4084 domino
1003 4049 1053 4086 suo
1074 4033 1202 4090 redeme-

130 4120 174 4176 rit
195 4118 257 4182 XI,
278 4119 313 4182 2,
335 4119 359 4174 si
378 4119 442 4193 quis
462 4119 614 4194 pecuniam
635 4119 685 4174 alii
707 4117 744 4172 ad
764 4116 954 4174 auferendum
978 4122 1140 4194 exposuerit
1160 4123 1204 4187 ΙΙ,

135 4208 195 4270 ΙΙ,
225 4207 248 4263 si
278 4210 362 4266 homo
384 4208 434 4264 alii
454 4209 605 4283 pecuniam
626 4205 809 4283 praestiterit,
830 4206 915 4261 talem
936 4207 1038 4264 reddat
1058 4211 1154 4283 qualis
1173 4215 1199 4268 ei

130 4297 275 4374 praestita
305 4305 357 4361 est,
389 4297 479 4354 Add.
508 4296 546 4359 X,
569 4297 593 4353 t.
615 4299 643 4367 b)
664 4294 799 4352 dominus
818 4296 893 4351 servi
914 4295 945 4351 in
965 4298 1132 4358 vestimento
1150 4303 1198 4360 vel

130 4386 262 4462 pecnnia
282 4387 381 4442 iurare
399 4386 502 4460 poterit
522 4384 590 4449 XII,
609 4384 645 4448 2,
666 4388 704 4459 ef.
724 4395 943 4441 sacramentum.
