3144 5460
330 547 420 596 mv
738 543 809 594 LEX
829 543 1035 596 rmotturt.

329 750 471 820 Traiecti
505 757 694 838 regnantem
729 747 885 828 ostendit,
916 747 963 814 ita
993 757 1032 814 ut
1063 747 1113 814 vir
1143 756 1290 829 canctus,
1319 749 1380 833 qui
1405 751 1441 814 in

327 856 466 922 Frisium
501 855 658 932 renutet,
692 863 730 919 ut
765 852 969 940 evangelium
999 853 1148 932 doceret,
1180 865 1300 920 terram
1336 855 1442 920 relin-

329 973 461 1050 queret,
492 982 576 1026 anno
605 969 714 1028 autem
739 960 823 1037 719,
848 957 1004 1024 Radbodo
1028 970 1173 1037 mortuo,
1197 959 1231 1024 in
1254 960 1360 1046 ipsam
1384 983 1442 1026 rc-

330 1068 424 1148 diret,
447 1077 545 1152 atque
568 1064 686 1130 ibidem
711 1087 771 1152 per
786 1077 852 1130 tres
867 1087 966 1130 annos
982 1065 1149 1130 continuos
1165 1063 1289 1130 Karolo
1304 1065 1443 1130 favente

330 1173 495 1240 Frisionan
518 1172 637 1236 multos
661 1171 693 1235 in
727 1170 852 1236 cnltum
875 1169 1085 1235 christianum
1108 1180 1312 1236 converteret
1329 1175 1373 1235 ³⁶.

380 1279 417 1367 b)
464 1277 629 1342 Frieia
658 1273 810 1341 media
840 1276 971 1340 inter
1001 1274 1080 1340 Fli
1109 1284 1155 1340 et
1182 1274 1444 1342 Laubaohi

332 1386 438 1450 sita.
485 1381 581 1448 Hanc
621 1381 746 1448 Frisiae
786 1391 911 1468 partem
951 1381 1027 1446 vivo
1067 1401 1145 1468 rege
1183 1379 1343 1446 Radbodo
1384 1382 1444 1447 vel

334 1500 427 1556 antea
457 1509 600 1572 unquam
630 1487 762 1573 regibus
793 1485 993 1551 Francorum
1024 1484 1122 1551 fuisse
1146 1485 1339 1566 subiectam,
1364 1488 1445 1552 nul·

332 1594 401 1659 lunr
431 1592 586 1658 habemus
617 1591 843 1657 testimonium.
890 1588 1051 1657 Chronica
1082 1601 1115 1656 et
1138 1591 1269 1657 annales
1292 1591 1445 1658 Franco-

335 1722 408 1765 rum
440 1696 590 1776 tradunt,
621 1696 765 1762 Francos
796 1697 881 1763 inter
911 1719 1010 1762 annos
1043 1700 1062 1761 7
1067 1697 1111 1761 29
1144 1707 1177 1762 et
1207 1697 1274 1762 734
1298 1696 1444 1763 Frisiam

333 1807 419 1872 inter
452 1803 506 1869 Fli
537 1812 569 1868 ct
592 1800 761 1868 Laubachi
785 1803 878 1868 eitam
906 1801 1101 1882 debellasse,
1125 1812 1159 1867 et
1182 1824 1267 1888 quae
1290 1816 1444 1883 narrant,

332 1912 379 1978 ita
401 1911 605 1996 interpretor,
630 1918 668 1974 ut
691 1908 845 1974 subiectio
870 1908 938 1973 eius
963 1907 1075 1973 effecta
1099 1909 1140 1972 eit
1163 1908 1299 1973 victoria
1320 1907 1443 1974 Karoli

334 2015 497 2093 Martelli,
528 2035 611 2078 anno
644 2013 712 2077 734
744 2035 763 2078 a
791 2011 926 2098 Popcne
948 2012 1085 2078 Frisone
1108 2023 1282 2099 reportata.
1327 2013 1444 2100 Legae

335 2120 437 2186 verba
470 2117 660 2204 Fredegarii
694 2117 871 2184 continuati
905 2117 939 2182 in
972 2118 1112 2205 capitulo
1148 2119 1444 2204 10921a9e2nem

335 2227 523 2290 dir-iacimam
553 2224 743 2289 maritimam
766 2221 945 2288 Frisiorum
974 2225 1065 2288 nimia
1096 2223 1256 2288 crudeliter
1288 2225 1444 2289 rebellan-

338 2343 415 2412 tem,
442 2332 589 2420 princepe
625 2328 754 2396 Garolne
786 2331 932 2396 audacter
963 2329 1070 2394 navali
1100 2332 1245 2395 ccccnone
1265 2342 1444 2416 properat,

338 2439 476 2504 certatim
508 2438 552 2500 ari
582 2458 670 2501 marc
700 2438 870 2520 inprecanc,
901 2435 1027 2499 naniam
1059 2435 1149 2522 eopia
1173 2437 1328 2514 adunata,
1359 2435 1445 2500 Wie-
1526 2463 1527 2478 ι

338 2544 491 2607 trachiam
522 2552 550 2606 et
585 2540 804 2606 Anatracltiam
834 2540 950 2604 inculca
977 2538 1155 2604 Frieionum
1174 2543 1364 2626 pntetratit,
1388 2563 1446 2605 aa·
1526 2583 1527 2600 2

331 2670 394 2735 per
416 2647 563 2712 Burdine
576 2646 712 2732 fluuium
735 2655 836 2708 castra
854 2667 989 2731 ponenc3
1005 2645 1165 2731 Poponem
1178 2645 1320 2732 perutilem
1335 2646 1443 2711 ducem

336 2754 462 2819 illorum
484 2752 725 2839 fraudulentum
755 2750 964 2816 conciliarinm
992 2751 1156 2834 interfecit,
1181 2752 1343 2816 coercitum
1367 2751 1443 2815 Fct-

340 2862 460 2924 eionnrn
477 2860 656 2943 proatracit,
670 2860 757 2941 fana
781 2879 886 2922 corum
909 2857 1075 2921 idolatriae
1097 2857 1236 2920 contrivit
1250 2867 1341 2940 atque
1360 2879 1444 2921 com-

338 2965 433 3027 bneait
462 2963 545 3046 i9ni;
577 2983 645 3025 cnm
675 2962 795 3046 mapnr'ac
824 2961 933 3045 epoliia
963 2973 991 3024 et
1017 2959 1162 3046 pracdiia
1185 2963 1280 3026 victor
1303 2983 1444 3026 reccraua

339 3079 383 3134 en
411 3069 445 3132 in
475 3089 602 3152 reynnm
632 3064 841 3144 Francorum,
872 3063 1026 3152 Bouquet
1055 3064 1102 3130 ΙΙ.
1125 3089 1156 3152 p.
1181 3065 1259 3132 455.
1284 3063 1443 3130 Conferas

338 3194 414 3238 cum
443 3171 505 3237 hoc
536 3170 607 3235 loco
631 3170 730 3235 verba
753 3171 916 3236 annalium
937 3170 1063 3250 Petam,
1087 3170 1301 3251 Laurieham,
1323 3169 1443 3236 Nazar.

339 3288 418 3345 etc:
442 3277 585 3343 Karalna
602 3277 744 3362 pcrraeit
765 3278 798 3340 in
821 3275 974 3356 Friciam,
998 3288 1025 3342 et
1048 3277 1159 3342 delerit
1182 3300 1251 3343 eam
1273 3299 1366 3361 usqne
1399 3278 1446 3340 ad

338 3386 585 3462 internecionem,
621 3381 712 3448 Mon.
748 3378 791 3447 G.
826 3379 854 3446 Ι.
889 3406 921 3469 p.
959 3383 989 3447 9.
1027 3384 1081 3448 24.
1111 3379 1444 3460 ammonentem

339 3489 501 3554 Moiaaiac.
533 3487 574 3552 ad
606 3510 633 3551 a.
667 3489 752 3552 734:
784 3489 925 3554 Karolm
948 3488 1120 3575 aubinpaoit
1141 3489 1281 3553 maiam
1304 3510 1357 3552 ano
1381 3489 1445 3551 im-

334 3596 442 3683 perio,
477 3591 569 3658 Mon.
607 3589 649 3656 G.
680 3589 708 3656 Ι.
739 3615 770 3678 p.
804 3592 889 3672 291,
920 3593 1002 3659 conf.
1024 3592 1145 3660 Annal.
1169 3592 1322 3658 Fuldens.
1346 3590 1388 3656 ad
1413 3615 1444 3657 a.

343 3702 427 3778 740,
451 3697 543 3764 Mon.
567 3694 609 3763 G.
633 3696 661 3761 Ι.
685 3720 716 3784 p.
743 3696 821 3763 345.

386 3805 524 3872 Frisium
560 3803 713 3882 mediam,
748 3801 823 3868 inde
863 3803 903 3868 ab
928 3827 1010 3870 anno
1036 3806 1103 3871 734
1127 3827 1232 3892 usque
1255 3801 1298 3870 ad
1321 3825 1445 3868 annum

342 3912 408 3978 785
433 3911 633 3977 Francorum
655 3932 756 3998 regno
780 3909 966 3976 attributam
989 3909 1096 3990 fnisse,
1120 3934 1225 3997 neque
1245 3920 1352 3976 tamen
1367 3907 1445 3974 Fri-

376 4211 408 4255 86
444 4202 519 4255 (lons.
544 4201 599 4252 Vit.
625 4201 713 4252 Bonis.
739 4215 761 4251 c.
786 4205 831 4250 ll:
848 4199 998 4263 maximaque
1015 4199 1064 4250 ram
1077 4216 1142 4266 pare
1159 4199 1314 4250 ecclesiaram
1333 4196 1445 4264 cirrati,

341 4303 405 4353 quac
421 4283 573 4334 stanconam
586 4283 660 4348 princ
687 4282 713 4332 in
738 4279 828 4332 Retia
853 4281 975 4332 subiectae
996 4290 1067 4332 erant
1084 4281 1202 4347 irnperio,
1219 4279 1335 4332 Redbcdi
1350 4281 1445 4331 incum-

341 4371 410 4419 tcrte
423 4363 607 4432 persecutione,
624 4371 722 4414 caeteta
738 4371 793 4412 eret
809 4378 839 4412 ac
856 4360 996 4424 damen,
1012 4361 1085 4413 Mon.
1103 4359 1135 4413 G.
1153 4359 1202 4413 SS.
1219 4362 1255 4413 11.
1272 4377 1297 4428 p.
1316 4364 1373 4412 ³88.
