3158 5464
317 550 358 614 86
629 551 693 620 nr
714 544 889 619 n'xxn.
933 557 946 638 t
970 555 1104 618 85-90.

320 744 420 810 taleni,
437 747 581 825 triplicata
602 763 652 808 ost.
672 751 764 826 Caput
785 749 803 806 4
823 749 997 806 Indiciornrn
1020 749 1182 807 Wulemari
1203 749 1237 802 ile
1256 766 1324 804 coxa
1344 745 1420 804 idern

320 837 387 896 dicit
408 838 484 913 quod
504 858 558 915 cap
588 840 626 898 84
646 843 688 898 tit.
710 829 801 898 XXII.
959 869 962 874 Δ
1169 879 1171 884 =

365 927 393 982 ¹²
437 927 477 986 lle
505 930 691 987 maxillarum
713 930 826 986 mulctis
853 931 890 986 cl.
920 941 978 986 nct.
1000 929 1037 986 73
1056 931 1092 986 atl
1112 929 1133 986 l.
1154 927 1227 986 Fris.
1259 927 1352 991 XXII,
1378 927 1422 990 18,
1488 927 1491 930 ’

320 1026 348 1074 at
367 1017 403 1072 de
424 1038 440 1071 n
452 1019 655 1094 compositione
674 1020 791 1095 linguae
810 1019 973 1095 praecisae’'
995 1038 1057 1094 cap.
1078 1018 1115 1074 74
1136 1018 1179 1074 tit.
1190 1016 1233 1074 III
1248 1019 1343 1076 addit,
1353 1018 1422 1092 Sap.
1491 1085 1494 1090 .

365 1106 393 1140 ¹²
434 1107 542 1165 Mulola
566 1108 599 1164 15
619 1108 888 1172 solidorum-cuius
908 1129 969 1183 cap.
989 1107 1029 1166 86
1050 1109 1225 1166 mentionem
1247 1109 1325 1171 lacit,
1345 1126 1423 1162 com·
1477 1142 1481 1146 -

318 1195 410 1272 posita
429 1205 471 1254 est
490 1217 526 1256 ex
543 1217 632 1266 coxae
652 1198 800 1273 utriusque
822 1207 1035 1274 transpunctae,
1054 1198 1180 1274 quaein
1201 1216 1264 1273 cap.
1286 1197 1324 1254 84
1347 1196 1424 1254 tituli

319 1283 402 1344 XXII
420 1284 454 1358 in
474 1286 493 1344 6
511 1287 615 1344 solidos
634 1296 675 1344 ost
695 1287 829 1351 delinita,
847 1297 876 1343 et
896 1287 988 1368 tribus
1007 1287 1115 1349 solirlis,
1133 1288 1240 1362 quibus
1266 1287 1423 1344 mulctatur

320 1373 403 1430 scroti
432 1375 599 1451 perforatio,
630 1386 658 1432 nt
688 1397 721 1433 ea
752 1377 928 1453 cartilaginis
958 1377 992 1434 in
1012 1376 1032 1434 l.
1054 1376 1126 1434 Fris.
1147 1375 1241 1440 XXII,
1265 1376 1298 1433 16
1318 1385 1346 1432 et
1367 1377 1423 1432 lia·

319 1482 392 1540 guae
421 1464 501 1521 inl.
532 1462 604 1522 Fris.
624 1465 719 1531 XXII,
737 1465 784 1524 85.
826 1466 920 1528 Verba
941 1467 1061 1542 capituli
1081 1465 1120 1520 86
1140 1467 1227 1540 plane
1246 1467 1426 1524 conveniunt

319 1572 385 1610 curn
415 1553 450 1610 iis
479 1551 600 1629 capituli
627 1553 843 1612 filudicIorum
865 1554 1042 1620 Wnlemari:
1062 1557 1090 1610 ri
1111 1563 1240 1629 atraque
1259 1573 1335 1617 coac
1358 1573 1425 1613 cam

321 1645 469 1702 testiculis
478 1644 585 1715 ficeret
597 1646 773 1718 perforata,
795 1643 828 1702 15
848 1645 954 1700 solidis
975 1653 1137 1718 conpareat,

362 1731 392 1766 ²⁰
435 1731 601 1808 Capitulum
633 1732 670 1789 87
702 1735 855 1810 repetitum
886 1742 926 1790 est
959 1733 989 1788 in
1010 1753 1095 1790 nsum
1116 1733 1223 1794 llrisiae
1241 1733 1425 1793 occidentalis

320 1821 351 1878 iu
371 1821 466 1878 India.
489 1820 557 1896 Sap.
578 1820 633 1883 III,
656 1823 702 1878 67.
1007 1815 1008 1819 ¹

361 1910 392 1944 ²¹
435 1908 470 1968 In
500 1910 633 1986 capitulis
660 1911 699 1970 88
727 1922 755 1970 et
784 1912 823 1970 89
842 1922 1102 1970 commemorantur
1123 1913 1424 1970 mnlctaecontrecta-

318 1999 431 2066 ¹tionum
462 1999 688 2074 impudicarum,
716 2021 789 2076 qnae
820 2002 850 2058 in
883 2002 946 2058 iure
966 2000 1072 2058 Frisico
1094 2003 1250 2062 recentiore
1270 2003 1426 2075 bose-sang

320 2097 469 2154 vocantur,
498 2087 563 2146 ride
593 2088 682 2148 Fries.
712 2091 781 2151 Wb.
802 2111 830 2166 p.
860 2091 934 2154 620,
956 2100 983 2147 et
1002 2092 1077 2164 corii.
1098 2093 1117 2146 l.
1140 2091 1199 2148 Sal.
1220 2090 1331 2154 XXIII,
1355 2090 1425 2147 l-·1t
1493 2131 1496 2136 -

322 2177 366 2252 (in
394 2177 439 2234 ed.
469 2175 589 2234 Merkel.
622 2197 685 2236 nor.
710 2178 784 2250 -5lilr
814 2181 834 2238 l.
862 2179 927 2254 Rip.
956 2179 1094 2240 XXXIX:
1125 2181 1145 2237 l.
1175 2180 1238 2238 Bai.
1260 2180 1327 2245 Vll,
1348 2181 1377 2244 3,
1398 2189 1426 2238 et
1480 2237 1491 2244 ,,

321 2268 431 2326 Grimnr
452 2261 507 2324 Iti.
529 2285 559 2341 p.
581 2265 654 2330 632,
680 2267 774 2326 Wilda
793 2288 821 2344 p.
842 2267 910 2328 783.

363 2357 393 2392 ²²
436 2357 472 2413 In
492 2355 538 2413 ed.
568 2355 703 2414 llerold.:
732 2348 987 2432 millarqirod
1009 2359 1124 2413 rorbnrn
1147 2368 1187 2414 est
1207 2359 1425 2416 emendandum

321 2465 386 2504 cum
407 2445 516 2503 Wilda·
524 2466 554 2521 p.
573 2445 631 2504 784
650 2447 682 2502 iu
701 2449 882 2509 crumillam,
903 2456 932 2502 nl
956 2447 1063 2522 legitur
1083 2449 1113 2502 in
1135 2448 1155 2504 l.
1178 2447 1237 2505 Sal.
1259 2447 1368 2512 XXIII,
1389 2449 1425 2506 la
1455 2515 1456 2520 η

290 2537 294 2542 ’
320 2539 349 2594 si
367 2539 436 2612 quie
454 2538 579 2592 maclieri
596 2538 765 2592 mamillam
785 2539 960 2594 stricarera't.

364 2661 395 2696 Η
436 2623 502 2681 ller.
522 2645 614 2700 comp,
635 2624 693 2680 IV
699 2644 712 2688 ,·
731 2625 844 2680 ernend.
866 2634 1035 2698 componat..
1078 2676 1081 2681 .

363 2712 395 2748 ²²
437 2711 473 2769 In
502 2714 625 2790 epilogov
645 2713 719 2770 titnli
750 2713 831 2771 XXII
862 2715 1032 2789 explicatur,
1062 2716 1181 2791 mulctas
1207 2718 1239 2772 iu
1260 2715 1343 2772 titulo
1364 2716 1425 2790 ipso

319 2803 478 2880 propositas
508 2801 647 2859 Frisiouis
678 2802 770 2860 tiber-i,
791 2821 860 2866 esso,
888 2811 916 2859 et
935 2803 1062 2878 additur,
1080 2823 1179 2860 omnes
1200 2805 1332 2868 mulctas,
1350 2824 1425 2880 quae

321 2892 413 2950 nobiti
433 2900 483 2948 aut
502 2891 553 2947 lito
571 2893 759 2956 solverentur,
779 2893 924 2968 augendas
945 2892 987 2948 rel
1008 2891 1212 2948 ‹linrinnernlas
1231 2913 1301 2956 esse,
1314 2895 1425 2952 ratione

320 2981 420 3038 habita
450 2979 567 3036 maioris
596 2980 638 3036 rel
666 2979 787 3036 minoris
816 2981 901 3056 pretii
932 3000 1044 3044 eornm,
1071 2989 1157 3056 atquc
1178 2983 1373 3048 constituitur,
1393 2995 1424 3042 nt

320 3071 428 3128 mulcta
447 3068 593 3144 quaelibet
613 3069 737 3126 hominis
760 3070 862 3127 nobilis
884 3072 966 3127 tertia
985 3080 1067 3146 parto
1089 3072 1179 3126 maior
1203 3071 1356 3137 efficimur,
1373 3075 1425 3131 liri

320 3169 416 3218 autem
437 3155 615 3214 »medietate
635 3158 761 3216 minor'’.
799 3159 896 3216 Verba
916 3160 985 3234 legis
1006 3159 1144 3219 Frisicaer
1165 3153 1272 3218 arabilis
1292 3165 1425 3220 horniais

322 3250 492 3324 corapositio
512 3249 605 3304 tertia
617 3255 711 3322 parte
729 3250 829 3304 uanior
848 3248 979 3322 efficitur
998 3249 1175 3324 exprimunt,
1193 3250 1304 3306 homini
1331 3253 1423 3310 nobili
1455 3321 1458 3326 Δ

320 3347 378 3395 tres
406 3345 502 3414 parton
531 3355 590 3394 esec
618 3337 740 3401 dandae,
767 3337 790 3404 si
819 3336 894 3393 liber
913 3337 985 3394 diras
1004 3347 1099 3414 partes
1119 3338 1236 3414 r·eoipit;
1259 3349 1290 3396 ul
1311 3343 1424 3412 homini

320 3427 413 3484 nobili
443 3424 461 3484 3
490 3434 517 3486 ><
547 3424 604 3501 26}
631 3445 674 3480 =
703 3425 742 3482 80
761 3426 844 3482 solidi
865 3427 981 3492 dentur,
1000 3429 1024 3483 si
1045 3429 1120 3484 liber
1140 3427 1159 3484 2
1178 3441 1204 3494 ><
1226 3427 1283 3506 26}
1303 3449 1346 3482 ε
1367 3431 1423 3508 533

320 3515 426 3574 solidos
455 3514 574 3588 rccipit3
605 3516 699 3571 verbis
729 3515 806 3570 enim
837 3515 962 3582 laudatis
991 3521 1084 3575 tertia
1097 3529 1191 3592 porte
1210 3523 1311 3576 uanior
1331 3522 1424 3578 utitur·

319 3597 413 3660 serino
432 3600 553 3657 Latinus
571 3601 641 3676 legis
661 3602 822 3660 Ilrisionum
844 3605 1059 3670 eodem'sensu,
1078 3625 1136 3680 quo
1155 3607 1293 3664 ‹lialcctus
1316 3609 1424 3670 Frisloa

321 3693 434 3750 vocibus
455 3692 601 3748 thrimeae
611 3693 754 3765 further,
772 3694 847 3751 conf.
868 3693 956 3750 Ilries.
978 3695 1122 3752 Worterb.
1144 3717 1170 3771 p.
1204 3689 1286 3756 1078,
1327 3699 1423 3758 Verba

318 3782 389 3858 legis
416 3780 489 3840 Ilris.
517 3785 569 3840 liti
596 3787 767 3858 compositio
793 3785 951 3842 medietate
970 3789 1070 3842 minor
1090 3795 1132 3843 est
1152 3807 1243 3862 prtum
1264 3791 1354 3846 liberi
1373 3794 1423 3852 aa,

320 3874 412 3928 ma'nie
430 3870 542 3937 dicunt,
563 3873 673 3954 homini
692 3875 744 3930 lito
763 3874 913 3930 dimidiam
935 3884 1045 3951 partem
1066 3894 1126 3932 esse
1144 3869 1311 3936 solvendam
1332 3879 1423 3936 mulc-

318 3969 364 4018 tae
393 3960 504 4018 homini
533 3962 626 4020 libero
653 3963 747 4028 datae,
774 3972 807 4021 ut
836 3963 905 4020 litus
935 3963 991 4041 26}
1011 3963 1114 4020 solidos
1136 3966 1266 4040 recipiat,
1285 3967 1309 4022 si
1330 3968 1423 4025 libem

319 4049 338 4106 2
365 4059 392 4113 Χ
420 4048 477 4128 26}
496 4071 538 4106 =
558 4051 614 4130 534ξ
633 4053 715 4109 solidi
744 4052 902 4110 solvuntur.
941 4053 1071 4112 Hominis
1086 4042 1222 4111 libarint
1242 4056 1348 4116 nobilis
1368 4077 1423 4114 ne·

319 4138 445 4214 regclda,
471 4138 508 4196 ad
537 4159 611 4216 quac
640 4142 725 4198 rerba
746 4143 886 4218 explicata
905 4143 1024 4218 capituli
1045 4143 1082 4200 90
1101 4144 1278 4207 reseruntur,
1298 4149 1422 4218 probant

318 4227 435 4286 titulum
465 4226 550 4285 XXII
580 4229 618 4284 ad
646 4229 768 4298 Friniam
798 4231 923 4288 mediam
952 4231 1106 4306 portlacae,
1126 4251 1220 4308 noque
1239 4234 1277 4290 ad
1297 4231 1420 4291 Frisiam'

318 4314 488 4375 orientalem
518 4317 561 4374 rol
591 4318 805 4382 occidentalem,
834 4321 939 4395 quibus
957 4321 990 4378 in
1011 4322 1093 4378 terris
1113 4322 1171 4380 duo
1192 4323 1350 4399 weregeldi
1369 4327 1420 4382 lio·

318 4404 405 4464 minis
433 4403 518 4462 liberi
539 4407 696 4482 weregeldo
716 4408 840 4465 hominis
859 4409 964 4466 nobilis
983 4410 1012 4466 in
1034 4429 1126 4486 aequo
1147 4422 1214 4468 suut
1233 4412 1337 4488 posita,
1359 4413 1420 4470 ride
