3144 5460
547 565 618 614 LEX
638 567 843 616 FRISIONUM.
1182 561 1246 608 XXI

149 793 287 860 reges
322 771 418 837 sibi
451 771 768 837 subiecerunt
799 766 1116 835 tresFrisiae
1152 792 1250 855 par-

150 889 237 955 tes,
275 899 413 962 quarum
444 875 523 940 fines
556 899 653 961 supra
683 876 859 952 illustravi3
890 875 973 938 hanc
997 873 1039 938 ob
1062 896 1129 938 rem
1154 897 1250 959 quam

149 982 390 1071 diligentissime
430 981 641 1047 constituendi
680 983 757 1046 mihi
793 992 867 1046 suut
902 981 995 1057 anni,
1031 978 1149 1064 quibus
1184 989 1250 1045 tres

148 1100 256 1174 partes
280 1087 406 1153 Frisiae
429 1110 529 1175 regno
553 1087 753 1152 Francorum
779 1087 842 1151 sint
865 1085 1047 1150 attributae.

197 1297 233 1384 a)
275 1294 440 1361 Frisia
486 1295 827 1361 occidentalis.
873 1293 1081 1381 Dagobertus
1121 1293 1157 1373 I,
1193 1295 1251 1381 qui

151 1400 192 1465 ab
217 1423 299 1465 anno
326 1402 392 1464 622
418 1399 585 1487 usquead
610 1424 727 1465 annum
755 1401 820 1464 638
846 1410 996 1464 rexerat
1032 1397 1252 1478 Francorum,

151 1506 318 1570 ecclesiam
357 1503 499 1569 condidit
534 1505 675 1570 Traiecti
711 1505 752 1570 ad
787 1505 940 1571 Rhenum
974 1505 1008 1567 in
1044 1503 1174 1568 castello
1211 1502 1253 1569 ad

150 1612 229 1676 fines
261 1609 462 1675 Francorum
494 1611 526 1674 iu
558 1609 664 1676 Frisia
688 1609 877 1676 occidentali
902 1619 1066 1685 extruct03
1091 1609 1253 1675 Frisiones

150 1716 318 1782 castellum
350 1715 567 1780 Traiectinum
600 1739 619 1780 a
647 1716 781 1781 Francis
804 1726 1079 1800 recuperaverunt
1103 1737 1141 1780 ac
1164 1715 1254 1780 diru-

151 1831 249 1886 erunt
287 1820 469 1898 ecclesiam3
505 1843 611 1906 neque
647 1821 752 1886 Frisia
791 1819 996 1886 occidentalis
1034 1830 1113 1885 tunc
1152 1843 1253 1908 reguo

152 1926 351 1992 Francorum
376 1936 444 1992 erat
468 1925 612 1991 subiecta
629 1931 672 1992 3⁰.
718 1963 764 1977 -·-
812 1925 971 2011 Tempore
995 1925 1174 2012 Dagoberti
1197 1924 1254 2007 H,

152 2042 232 2096 teste
272 2029 363 2096 Beda
410 2030 597 2097 Venerabili
641 2033 674 2096 in
714 2029 859 2096 Historia
896 2029 1110 2095 ecclesiastica
1148 2033 1253 2116 gentis

153 2135 339 2222 Anglorum
381 2135 423 2202 V.
455 2159 481 2200 c.
522 2137 573 2200 19.
613 2137 744 2219 5418,
780 2133 813 2202 S.
850 2134 1047 2213 Wilfridus,
1085 2135 1253 2222 episcopus

152 2241 383 2320 Eboracensis,
407 2263 489 2305 anno
515 2241 580 2305 677
608 2263 670 2320 „ex
694 2239 815 2328 Anglia
837 2240 973 2305 Romam
996 2241 1111 2318 iturus,
1139 2263 1254 2308 navem

154 2345 355 2422 conscendit,
387 2355 419 2410 et
450 2345 546 2410 flante
578 2345 724 2410 Favonio
748 2346 862 2431 pulsus
886 2356 934 2410 est
957 2345 1121 2422 Fresiam3
1145 2345 1254 2432 ibique

153 2451 328 2516 honorifice
368 2463 541 2537 susceptus·¹
576 2473 595 2514 a
634 2450 777 2516 barbaris
817 2473 855 2515 ac
893 2473 1006 2537 rege
1056 2450 1254 2517 illorum

154 2554 401 2645 Aldgislo,
439 2555 644 2643 praedicabat
676 2557 722 2621 eis
747 2553 929 2634 Christum,
961 2567 994 2621 et
1017 2556 1120 2621 multa
1143 2581 1255 2623 eorum

153 2661 241 2726 milia
264 2661 363 2725 verbo
388 2662 531 2726 veritatis
554 2662 719 2726 instituit.''
765 2661 879 2747 Atque
902 2661 1030 2726 Eddius
1054 2659 1254 2747 Stephanus,

155 2767 212 2852 qui
244 2766 348 2830 socius
379 2763 411 2830 S.
445 2765 592 2831 Wilfridi
623 2789 706 2830 anno
740 2767 805 2829 677
842 2766 875 2830 in
911 2765 1016 2830 Frisia
1051 2768 1254 2853 evangelium

154 2869 372 2958 praedicavit,
396 2879 504 2934 narrat
527 2871 561 2934 in
584 2868 664 2935 Vita
688 2866 722 2935 S.
746 2868 891 2935 Wilfridi
916 2893 984 2956 cap.
1010 2871 1072 2949 26,
1097 2873 1255 2958 copiosius

154 2976 193 3041 iis
224 2975 390 3061 explicatis
422 2997 505 3060 quae
537 2998 578 3040 ex
609 2974 719 3040 Bedae
750 2973 896 3040 Historia
927 2976 1120 3041 ecclesiastic
1143 2978 1256 3043 lauda-

154 3081 277 3146 vimus:
326 3080 448 3145 Eodem
482 3093 617 3166 tempore
651 3081 824 3166 Efrar'raaa,
860 3084 925 3146 dar
964 3083 1143 3147 [lbeoderiei
1176 3087 1256 3170 repis

154 3187 366 3263 Flaccorum,
401 3187 484 3250 misit
518 3187 638 3251 nuntios
673 3209 743 3250 8888
778 3210 845 3250 cam
880 3187 976 3252 literis
1007 3190 1052 3252 ad
1074 3187 1256 3274 Aldpelaam

156 3288 294 3378 (emend.
329 3289 521 3377 Aldpr'alam)
557 3313 658 3379 repem
692 3288 781 3356 Freia
816 3292 892 3377 (em.
927 3287 1087 3378 Freaiar),
1118 3294 1257 3358 88282888

156 3419 224 3462 eam
259 3396 358 3460 uerbis
387 3398 545 3480 poeaitea'a,
577 3399 821 3482 promittensque
858 3399 886 3462 ei
919 3398 1056 3460 modium
1086 3398 1255 3464 solidorum

155 3524 321 3567 aureoram
353 3502 448 3578 dare,
482 3503 510 3564 82
549 3502 723 3587 Wilfra‘dam
748 3503 921 3588 episcopam
945 3513 998 3566 aat
1020 3505 1121 3566 airam
1145 3505 1256 3569 deduc·

155 3618 238 3682 tam,
273 3617 327 3668 aar
362 3617 455 3691 rapat
489 3608 552 3671 8288
587 3608 678 3672 888282
711 3608 770 3672 ribi
804 3609 953 3672 8882828882.
1004 3609 1175 3692 Statimque
1197 3631 1254 3674 rar

149 3711 364 3798 praesentibus
399 3711 486 3775 88628
521 3724 550 3777 et
584 3714 698 3777 8882228
729 3735 834 3778 eoram
855 3713 976 3798 popolo
1000 3736 1054 3779 sao
1077 3715 1111 3778 28
1129 3714 1254 3800 palatio

190 3981 223 4024 30
257 3974 332 4025 conf.
361 3975 498 4040 epistolam
524 3977 656 4026 Bonifacii
681 3979 712 4026 97
732 3977 766 4025 ud
783 3975 943 4040 Stephanum
960 3989 1020 4039 pap.
1037 3975 1173 4040 scriptam:
1210 3974 1256 4026 Co·

156 4055 273 4104 lariensis
299 4054 427 4120 episcopas
454 4055 515 4106 dicit
539 4056 617 4106 sedem
650 4055 836 4106 [Mamertinam
853 4055 888 4105 82
903 4071 929 4104 88
942 4056 1066 4119 pertinere
1079 4064 1182 4120 propter
1191 4057 1255 4118 fun·

156 4135 268 4184 dumento
297 4134 422 4184 8828882888
448 4135 584 4187 destructae
615 4155 631 4187 a
660 4136 769 4202 payam'a
801 4135 956 4194 ecclesiolae,
983 4151 1053 4198 qaam
1081 4133 1256 4188 Willibrordas

156 4215 262 4264 dirutam
287 4231 365 4279 aeque
390 4215 425 4264 ad
449 4217 525 4267 solam
551 4219 576 4268 in
603 4217 702 4268 castello
730 4216 842 4268 Treiecto
860 4216 999 4280 reperit..,·
1018 4225 1041 4264 et
1057 4215 1130 4277 refert
1147 4217 1206 4280 qaia
1223 4220 1254 4268 ab

157 4294 258 4357 antiquo
285 4303 340 4362 repe
364 4294 517 4347 mancorum
543 4295 685 4363 Dapoberto
712 4297 835 4347 castellum
855 4294 990 4345 Traiectum
1009 4311 1060 4346 cam
1078 4296 1200 4348 destructa
1218 4315 1255 4350 er-

157 4373 233 4424 828828
250 4375 285 4424 ad
302 4372 465 4428 coloniensem
480 4378 623 4443 parochiam
639 4379 753 4429 donatum
770 4377 847 4436 fitr'ase
864 4383 914 4427 etc.
