3144 5460
381 543 470 590 xxvl
803 541 874 588 LEX
895 540 1099 588 salmonum.

382 745 565 814 memoriam
604 745 638 814 S.
676 745 851 825 Bonifatii,
890 746 1024 812 ecclesia
1058 755 1129 812 erat
1163 753 1344 826 exstructa,
1381 767 1491 832 qnam

382 866 581 920 vocaverunt
613 851 873 932 Dokin·Kirika,
902 851 1020 918 ibidem
1045 848 1079 918 8.
1103 848 1310 916 Willehadns
1333 859 1493 938 tompore

383 957 536 1048 Gregorii
567 959 762 1024 domicilium
793 957 1022 1037 collocaverat,
1053 968 1086 1022 et
1116 957 1235 1030 multos
1258 956 1425 1022 Frisiones
1451 959 1491 1022 in

382 1065 560 1132 doctrinam
592 1064 794 1130 christianam
827 1064 984 1130 convertit
991 1089 1001 1143 3
1025 1085 1127 1148 quum
1152 1083 1227 1128 vero
1250 1063 1336 1128 circa
1360 1086 1490 1130 annum

384 1173 450 1238 779
479 1181 612 1237 conatus
636 1182 720 1238 esset
742 1170 911 1236 Laubachi
934 1169 1071 1248 flumen,
1097 1167 1184 1255 quod
1207 1167 1270 1232 fuit
1292 1169 1365 1234 finis
1388 1171 1492 1257 regni

382 1276 591 1356 Franconici‚
627 1277 763 1344 docendi
798 1299 894 1340 causa
929 1275 1083 1354 transire,
1117 1275 1150 1340 in
1171 1274 1272 1348 ¹vitae
1299 1275 1491 1360 pericnlum

382 1383 540 1450 adductus
565 1396 598 1450 et
621 1383 654 1448 in
677 1383 824 1470 regiones
848 1383 933 1448 inter
955 1380 1010 1448 Fli
1033 1391 1066 1446 et
1090 1379 1258 1446 Laubachi
1282 1380 1357 1444 sitas
1374 1380 1492 1448 redire

381 1499 513 1556 coactus
545 1500 592 1552 est
610 1493 652 1551 ³⁸.
707 1487 763 1552 Ab
795 1509 878 1552 anno
911 1486 977 1553 775
1011 1509 1115 1571 nsque
1142 1485 1185 1550 ad
1208 1508 1328 1550 annum
1353 1488 1422 1552 782
1452 1485 1489 1552 S.

381 1593 550 1680 Liudgsro
581 1616 690 1659 rorum
718 1615 879 1658 sacrarum
904 1613 984 1658 cura
1007 1593 1040 1658 in
1065 1591 1280 1658 Dokinkirilsa
1303 1602 1372 1658 erat
1396 1615 1492 1658 com·

381 1701 478 1768 missa
494 1703 536 1765 ³⁹.

431 1913 465 2001 c)
513 1909 967 1978 Frisiaorientalis
999 1907 1404 1975 interLaubachi
1443 1921 1494 1975 et

355 2089 360 2097 ⁴
387 2019 622 2084 Wiseram
647 2016 751 2081 sita.
798 2014 959 2081 Frisiones
983 2014 1068 2080 ultra
1091 2013 1262 2080 Laubachi
1284 2013 1403 2080 flumen
1429 2016 1493 2080 ha-

385 2122 524 2200 bitantos
547 2144 651 2208 nsque
683 2121 724 2186 ad
749 2143 869 2185 annum
896 2121 961 2186 781
988 2121 1069 2186 ritus
1097 2143 1240 2206 paganos
1264 2121 1493 2200 retinuerunt,

384 2250 490 2313 neque
520 2227 655 2294 Francis
686 2236 778 2292 erant
810 2226 964 2303 subiecti3
992 2237 1070 2290 tunc
1094 2223 1129 2292 S.
1153 2225 1387 2292 Willibrordns
1411 2226 1493 2292 Fri·
1559 2309 1560 2314 η

386 2334 489 2399 siones
524 2330 566 2397 ad
602 2355 637 2398 os
672 2332 822 2398 Wisarae
857 2341 894 2396 nt
925 2331 1055 2398 videtur
1078 2333 1111 2397 in
1135 2354 1220 2419 pago
1244 2331 1386 2411 Riustri,
1410 2355 1494 2398 con·
1559 2315 1560 2328 ἵ

385 2437 485 2505 vertit
528 2439 570 2504 ad
614 2439 737 2504 cultum
781 2437 989 2502 christianum
1008 2443 1063 2515 ⁴⁰3
1107 2460 1213 2524 neque
1258 2448 1365 2503 tamen
1404 2461 1493 2524 opus

388 2545 552 2632 inceptum
589 2566 743 2631 prospero
779 2543 949 2623 successit,
984 2565 1067 2608 anno
1099 2543 1183 2608 enim
1215 2544 1362 2630 sequenti
1384 2542 1494 2608 Frisi-

388 2673 464 2716 onos
500 2673 608 2715 omues
643 2651 728 2715 inter
762 2647 925 2714 Wisaram
964 2659 996 2712 ot
1031 2648 1084 2713 Fli
1120 2648 1273 2736 degentes
1302 2651 1494 2715 societatem

387 2757 529 2824 inierunt
568 2779 642 2822 cum
683 2754 885 2820 Widukindo
928 2753 1010 2818 duce
1049 2751 1232 2833 Saxonum,
1272 2756 1329 2841 qui
1368 2755 1494 2821 bellum

387 2865 577 2930 acerrimum
608 2873 720 2926 contra
750 2860 910 2926 Karolum
940 2882 1050 2947 regem
1082 2871 1275 2946 susceperat.
1330 2857 1494 2925 Sacerdo-

389 2981 437 3034 tes
473 2967 637 3032 ohristiani
672 2989 712 3028 ex
747 2965 852 3029 Frisia
887 2964 1033 3030 orientali
1070 2975 1102 3030 et
1134 2965 1319 3051 regionibus
1347 2967 1495 3031 finitimis

393 3083 469 3140 sunt
500 3072 642 3158 expulsi,
678 3082 710 3134 ct
746 3070 847 3135 omnis
870 3067 975 3136 Frisia
999 3071 1083 3135 inter
1106 3068 1269 3136 Wisaram
1294 3081 1326 3135 et
1349 3070 1495 3136 Flevum

392 3182 452 3245 sita
475 3178 571 3245 rediit
595 3175 636 3241 ad
662 3174 736 3240 deos
761 3176 881 3261 patrios
906 3188 938 3240 ot
962 3175 1141 3240 libertatem
1165 3188 1307 3242 veterem
1325 3181 1366 3238 4¹.
1416 3177 1496 3242 Tri-

379 3327 537 3342 Μ

427 3398 486 3461 (88)
521 3395 551 3444 In
578 3395 642 3445 Viln
669 3391 697 3443 S.
723 3391 868 3442 willehadi
894 3400 1001 3442 auctore
1027 3392 1177 3442 Anskerio:
1203 3393 1267 3444 Iade
1284 3410 1340 3444 vern
1355 3396 1497 3461 procedens

393 3476 510 3526 censivit
528 3476 624 3537 flumen
649 3471 766 3534 Loveke,
783 3474 893 3536 venitque
919 3471 954 3523 ad
970 3472 1046 3522 locum
1063 3471 1497 3540 Hamarclra51liquocoepitbcr-

392 3557 460 3607 barie
478 3571 560 3604 nomen
577 3549 683 3601 Domini
694 3551 860 3616 praedicare5
878 3569 924 3615 qao
943 3552 1026 3602 audito
1043 3552 1174 3617 praefero
1191 3554 1255 3603 dixit
1272 3571 1337 3604 roam
1360 3571 1412 3606 esse
1429 3574 1499 3606 mor-

392 3638 425 3687 tis
443 3643 507 3697 etc.;
525 3633 669 3683 dimiserunt
686 3647 736 3680 cum
754 3639 818 3694 etc,
835 3631 908 3681 Mon.
926 3631 959 3682 G.
978 3631 1028 3682 88.
1043 3633 1079 3682 ΙΙ.
1096 3648 1124 3698 p.
1141 3638 1200 3684 880.

427 3718 486 3782 (39)
520 3715 584 3763 Vita
610 3712 637 3764 S.
661 3712 758 3775 Liudg.
781 3712 803 3762 Ι.
829 3726 851 3762 c.
881 3716 922 3761 15:
950 3711 1081 3762 Allerican
1099 3730 1150 3763 eam
1168 3715 1301 3764 constituit
1317 3715 1438 3766 doctorem
1455 3735 1497 3767 ec-

391 3798 480 3849 clesiae
498 3797 523 3845 ia
538 3812 605 3860 popo
626 3791 759 3854 ostrache,
775 3792 801 3841 ia
819 3791 871 3842 loco
889 3794 931 3843 aba
946 3789 974 3843 S.
991 3791 1142 3856 Bonisociae
1158 3795 1277 3860 martyrio
1295 3804 1331 3844 est
1348 3807 1498 3860 coronatas,

392 3881 464 3930 Mon.
484 3877 516 3927 G.
535 3873 582 3925 88.
600 3871 635 3922 11.
653 3887 679 3936 p.
696 3875 756 3919 409.
792 3869 845 3920 Ofr.
864 3869 991 3935 Rettberg
1007 3871 1148 3936 Kircheng.
1165 3871 1201 3922 D.
1218 3871 1255 3924 11.
1271 3888 1298 3937 p.
1316 3877 1373 3923 538.

427 3960 485 4023 (40)
519 3955 584 4005 Vita
611 3950 638 4001 8.
665 3949 820 4000 Willohadi:
847 3951 913 4001 mna
933 3952 1060 4016 (Karolns
1086 3953 1136 4016 M.)
1154 3969 1206 4002 eum
1224 3955 1250 4004 r'a
1266 3961 1350 4017 portes
1367 3951 1499 4007 Saxoniac

390 4039 427 4090 ad
440 4053 531 4103 papam
552 4031 740 4098 Wipmodia..;
759 4040 782 4080 ct
799 4031 824 4080 ia
842 4049 907 4081 nano
935 4031 1039 4082 secando
1057 4033 1088 4095 (i.
1105 4048 1128 4083 a.
1148 4035 1209 4095 781)
1228 4043 1276 4083 tam
1293 4027 1405 4085 &nones
1422 4053 1499 4099 queam

392 4129 414 4169 et
440 4116 560 4166 Berones
585 4115 611 4160 ia
635 4110 738 4158 circuita
765 4121 987 4174 commemorantes,
1006 4129 1085 4162 omnes
1103 4129 1129 4162 ee
1143 4114 1240 4178 pariter
1250 4113 1314 4175 fieri
1327 4117 1500 4179 promiserunt

393 4198 556 4256 christianos,
582 4191 655 4242 Mon.
672 4188 706 4240 G.
731 4189 769 4240 II.
791 4207 816 4256 p.
844 4196 910 4252 481,
928 4198 953 4241 et
970 4193 1066 4244 confer.
1084 4192 1182 4244 Chrnn.
1197 4193 1331 4244 Moissiac.
1349 4197 1383 4245 ad
1402 4212 1426 4246 a.
1446 4199 1499 4248 780

391 4279 463 4330 Mon.
482 4276 515 4327 G.
532 4275 555 4324 I.
571 4289 597 4338 p.
615 4276 672 4322 296.

431 4357 490 4422 (41)
526 4355 589 4404 Vita
615 4351 643 4402 S.
669 4351 795 4414 Lindgeri
820 4351 841 4402 I.
868 4367 889 4402 c.
918 4359 963 4402 18:
981 4355 1133 4404 concurrerit
1158 4351 1284 4404 ll'r'dalcr'at
1301 4355 1352 4404 dux
1369 4353 1500 4409 &nonum
