3144 5460
327 570 407 620 xxu
735 571 806 618 LEX
826 571 1033 620 russonum

331 775 523 863 epulantibus
554 775 749 859 omnibraque
780 779 991 855 antiatibus,
1022 775 1082 862 lepti
1108 773 1214 840 litem
1237 776 1323 839 iussit
1329 801 1343 852 ,·
1359 789 1442 860 port

330 883 438 948 lectam
469 903 539 945 uero
570 880 708 944 enarrem
730 883 763 945 in
786 884 887 968 ipnem
904 883 1036 968 proiecit
1058 891 1119 944 etc.
1163 879 1209 944 Et
1232 879 1265 943 in
1289 881 1439 968 capitulo

334 989 392 1052 28:
432 987 604 1071 Postquam
633 987 776 1072 pontefac
810 998 909 1051 noster
944 989 977 1050 in
1013 986 1101 1050 Freie
1136 988 1213 1070 (em.
1244 987 1278 1048 in
1302 983 1436 1070 Fracta)

331 1095 537 1168 hiemaverat,
563 1090 719 1175 populum
749 1092 876 1155 multane
904 1092 1043 1157 Domino
1067 1092 1217 1166 lucratus,
1241 1113 1334 1156 uerno
1358 1103 1439 1156 tem-

326 1221 407 1284 pore
439 1198 631 1274 adveniente,
664 1208 800 1280 coeptum
831 1199 890 1262 iter
920 1199 1083 1283 carpebat,
1115 1199 1236 1260 veniens
1259 1198 1303 1259 ad
1327 1193 1439 1260 Fran-

331 1326 435 1367 corum
459 1323 559 1387 repent
582 1303 703 1365 nornine
716 1302 905 1386 Daeybertlt,
921 1305 976 1388 qai
991 1325 1059 1367 eum
1076 1323 1144 1366 cum
1160 1303 1274 1366 lionam
1289 1325 1439 1368 mansue·

331 1411 443 1475 tuaime
474 1430 537 1494 pro
573 1409 688 1472 meritis
722 1410 787 1471 eius
822 1410 968 1473 anteactis
1001 1409 1035 1471 in
1070 1429 1137 1472 eum
1171 1409 1318 1490 naaepit;
1347 1403 1439 1470 Gale

333 1512 451 1597 Script.
487 1513 561 1576 hist.
596 1511 741 1576 Britann.
778 1510 806 1576 I.
843 1535 873 1597 p.
910 1513 965 1578 64.
1024 1512 1116 1577 Haec
1148 1512 1246 1576 verba
1270 1511 1439 1597 scriptoris
1530 1509 1531 1556 i

333 1617 476 1703 aequalis
507 1616 661 1702 probant,
692 1639 776 1681 auno
802 1618 868 1682 677
894 1615 1080 1705 Aldgislum
1105 1639 1213 1704 regem
1236 1616 1335 1681 fuisse
1358 1616 1438 1683 Fri-

332 1725 398 1788 siae
430 1722 565 1799 liberae,
596 1745 703 1808 neque
734 1734 812 1786 tunc
835 1723 973 1788 Frisium
997 1723 1057 1788 sub
1082 1721 1201 1789 ditione
1224 1745 1340 1810 regum
1364 1723 1438 1787 Da-

333 1828 460 1916 goberti
483 1826 520 1891 II
544 1839 576 1893 et
601 1825 793 1892 Theoderici
816 1828 923 1908 fuisse,
947 1828 999 1894 vel
1023 1840 1135 1894 contra
1154 1828 1296 1893 Francos
1313 1828 1438 1893 bellum

333 1934 477 2021 gessisse.
509 1971 555 1982 -
587 1932 768 1998 Duodecim
796 1956 953 1999 annorum
978 1945 1085 1998 autem
1110 1935 1211 2021 spatio
1235 1933 1437 2011 intermisso,

332 2050 414 2103 teste
454 2039 675 2102 continuatore
713 2038 903 2125 Fredegarii
921 2043 971 2116 ³¹,
1011 2038 1171 2124 Pippinus
1206 2039 1246 2103 ab
1282 2037 1437 2102 Herestal

332 2142 526 2208 Radbodum
557 2141 738 2206 Frisionem
772 2143 848 2207 vicit
879 2141 1088 2220 Durestadii,
1121 2143 1208 2228 quod
1239 2143 1270 2206 in
1297 2143 1439 2207 confinio

333 2247 517 2313 Frisiorum
542 2258 575 2311 et
590 2245 789 2312 Francorum
807 2249 901 2312 situm
919 2259 968 2312 est
984 2248 1025 2313 ad
1038 2247 1198 2326 Rhenum,
1215 2248 1290 2312 inde
1303 2248 1437 2313 Traiec-
1530 2259 1531 2268 ’

334 2365 403 2418 tum
435 2352 604 2417 defluente.
652 2350 792 2418 Causam
823 2353 898 2419 belli
930 2377 1012 2418 anno
1046 2354 1112 2418 689
1142 2355 1226 2440 gesti
1248 2354 1332 2418 inter
1356 2352 1437 2438 Pip-

333 2459 463 2545 pinum,
494 2459 552 2542 qui
583 2480 666 2522 anno
701 2459 766 2522 687
800 2469 985 2544 susceperat
1010 2458 1313 2523 administrationem
1337 2459 1438 2523 totius

334 2565 425 2650 regni
448 2562 657 2640 Franconici,
681 2574 714 2626 et
735 2563 942 2641 Radbodum,
968 2586 1065 2649 quem
1089 2563 1201 2629 dicunt
1224 2565 1327 2628 filium
1349 2562 1437 2628 Ald-

334 2669 407 2756 gisli
439 2669 541 2755 regis,
573 2668 734 2754 cognitam
766 2691 828 2732 non
862 2668 1017 2733 habemus
1025 2693 1034 2746 3
1070 2693 1109 2734 ex
1141 2671 1179 2734 iis
1211 2680 1318 2736 autem
1351 2691 1437 2754 quae

332 2776 424 2840 Beda
447 2775 480 2840 in
505 2773 649 2840 Historia
673 2775 887 2841 ecclesiastica
911 2775 1094 2862 Anglorum
1126 2789 1253 2855 narrat,
1277 2775 1435 2854 efficitur,

332 2881 508 2967 Pippinum
533 2881 666 2945 victoria
689 2881 744 2946 illa
767 2881 904 2945 Frisium
930 2882 1158 2947 occidentalem
1188 2881 1322 2946 Francis
1357 2882 1435 2946 sub-

332 2987 453 3050 iecisse.
506 2984 612 3048 Paulo
649 2995 742 3048 antea
766 2984 969 3063 Wicbertus,
995 2996 1076 3050 teste
1100 2986 1208 3065 Beda,
1234 2986 1437 3052 Frisionibus
1529 2977 1530 2990 ¹

333 3101 366 3156 et
400 3086 557 3154 Rudbodo
593 3089 661 3175 regi
699 3112 809 3154 eorum
842 3113 900 3175 per
925 3090 1006 3155 duos
1030 3113 1129 3156 annos
1152 3091 1272 3156 frustra
1296 3115 1438 3179 evange·

334 3195 413 3261 lium
450 3194 708 3281 praedicaveram
746 3217 828 3260 anno
867 3196 934 3261 690
970 3209 1081 3262 contra
1116 3193 1152 3262 S.
1183 3196 1438 3279 Willibrordus,
1528 3229 1529 3242 ¹

333 3325 374 3366 ex
410 3300 531 3387 Anglia
566 3299 598 3364 in
634 3299 771 3364 Frisium
807 3299 987 3385 profectus,
1024 3302 1179 3388 plurimos
1207 3288 1369 3367 Frisiones
1393 3304 1438 3368 ad

333 3407 458 3472 cultum
494 3407 702 3471 christianum
738 3407 915 3485 convertit,
951 3408 1126 3472 sustinente
1158 3430 1232 3472 eum
1257 3454 1276 3486 ,‚
1293 3409 1439 3495 Pippino

335 3558 354 3590 „
381 3509 463 3575 duce
498 3509 717 3589 Francorum,
754 3513 810 3596 qui
842 3536 946 3600 nuper
977 3513 1157 3580 citeriorem
1180 3512 1317 3579 Frisium
1341 3537 1438 3602 cepe·

367 3758 398 3801 31
435 3751 511 3802 cont.
534 3753 684 3816 Frudegurii
703 3751 799 3803 chron.
817 3767 872 3816 cap.
893 3758 952 3801 102:
972 3751 1097 3817 Pippinus
1115 3763 1201 3804 contra
1220 3753 1373 3817 Rotundum,
1391 3754 1437 3803 du-

332 3849 381 3882 cem
396 3832 508 3898 qentr'lem
531 3831 670 3881 Frisiorum
685 3834 782 3898 pentes,
799 3833 918 3882 adversus
941 3833 1084 3884 alterutrum
1101 3833 1186 3883 bellum
1204 3834 1338 3884 intulerunt
1354 3843 1439 3884 castro
1527 3867 1528 3870 =

332 3911 479 3974 Dorestade,
494 3912 546 3962 illic
563 3911 732 3978 beltz'perantes
751 3912 850 3962 invicem
868 3913 994 3978 Pippinus
1012 3915 1089 3962 uictor
1107 3915 1206 3973 exstitit,
1217 3913 1353 3979 suyatoque
1369 3912 1437 3964 Rat-

331 3993 394 4042 iodo
419 3992 478 4042 duce
504 4008 555 4041 cum
573 3989 728 4041 Frisionibus
745 3993 790 4055 qui
806 4001 947 4054 euaserant,
966 3992 1027 4040 idem
1044 3991 1162 4055 Pt'ppe'nis
1180 4007 1231 4040 cum
1248 3992 1330 4041 muln's
1348 3993 1438 4057 spoliis

331 4082 353 4122 et
374 4071 471 4136 praeda
488 4088 599 4119 reversus
618 4080 668 4131 est,
693 4071 815 4135 Bouquet
832 4071 869 4120 11.
886 4088 912 4136 p.
929 4077 987 4120 452.
1022 4070 1098 4131 Quae
1116 4071 1232 4120 Annales
1250 4072 1391 4122 Mettenses
1408 4073 1437 4122 in

330 4153 404 4203 Mon.
428 4152 461 4202 G.
485 4151 532 4202 SS.
550 4153 572 4200 Ι.
588 4167 614 4215 p.
632 4157 690 4200 320.
707 4158 755 4201 321
776 4155 808 4202 de
826 4152 988 4202 Frisionibus
1006 4153 1079 4202 annis
1098 4157 1146 4202 692
1166 4159 1191 4202 at
1210 4155 1258 4202 697
1276 4153 1351 4202 vietis
1368 4154 1437 4203 refe-

332 4241 406 4294 runt,
431 4232 508 4280 fidem
532 4233 666 4292 amittunt,
692 4233 762 4294 quod
789 4231 868 4281 iidem
894 4232 998 4281 saeculo
1018 4232 1117 4282 decimo
1136 4233 1225 4297 scripti
1244 4247 1310 4296 quae
1327 4241 1436 4283 narrant

331 4311 490 4375 Fredegario
510 4313 728 4375 deprompserunt.

366 4399 400 4442 32
434 4392 474 4440 Ita
501 4392 574 4441 Beda
597 4391 631 4442 V.
657 4406 678 4440 e.
707 4397 745 4440 10.
768 4394 867 4454 §380,
885 4393 928 4456 qui
955 4393 1058 4458 scripsit
1076 4408 1098 4443 a.
1118 4394 1167 4442 ’.Ἥ
1185 4393 1242 4457 ipso
1261 4391 1437 4444 Willibrordo
