3144 5460
510 573 581 626 aas
602 571 807 626 sstsaouuu.
1172 557 1208 622 ll

103 781 225 857 fuerit,
249 779 290 842 ad
330 776 594 855 satisfactionem,
627 788 660 841 et
695 777 736 844 ad
772 789 894 862 partem
932 779 1016 864 regis
1053 777 1211 852 similiter;

104 885 189 972 (lx.)
236 885 367 952 tertium
391 880 601 971 weregildum
626 884 709 967 patri
735 883 802 946 sive
827 882 928 954 tutori
951 883 1087 973 puellae,

641 1007 676 1058 X.-

155 1091 193 1160 Si
217 1106 324 1160 autem
348 1095 457 1183 puella
481 1095 537 1158 lita
560 1093 676 1172 fuerit,
705 1091 876 1158 satisfaciat
902 1096 932 1160 ei
956 1095 1101 1160 similiter
1125 1095 1213 1160 solu·

105 1201 196 1270 tione
228 1199 394 1286 weregildi
426 1201 494 1279 sui,
532 1211 565 1266 et
590 1198 718 1269 domino
751 1199 820 1266 eIus
852 1199 961 1270 decem
987 1199 1103 1272 solidos
1128 1223 1213 1265 corn-

105 1316 216 1398 ponat.-

642 1427 690 1480 xl.

156 1515 193 1580 Si
224 1515 355 1582 liberam
387 1515 557 1587 foeminam
589 1525 681 1581 extra
705 1515 905 1583 voluntatem
929 1527 1098 1602 parantum
1125 1517 1211 1594 eius,

104 1621 162 1690 vel
193 1643 305 1686 eorum
337 1621 394 1705 qui
425 1628 616 1706 potestatem
645 1619 713 1685 eius
737 1620 875 1700 habent,
908 1643 1042 1688 uxorem
1066 1622 1213 1699 duxerit,

105 1739 279 1814 componat
302 1726 403 1798 tutori
427 1727 496 1796 eius
520 1724 638 1792 solidos
661 1725 756 1806 XX,
781 1725 814 1790 id
838 1737 886 1792 est
911 1726 1057 1794 denarios
1081 1727 1150 1792 LX
1171 1732 1214 1782 8¹·

184 1815 186 1821 ¹
624 1850 687 1902 ΧΠ.

156 1935 192 2006 Si
217 1947 324 2003 autem
348 1934 464 2002 nobilis
488 1945 556 2002 erat
580 1935 737 2016 foemina,
763 1935 880 2005 solidos
903 1937 1026 2010 XXX.

622 2060 701 2105 xm.

156 2146 191 2217 si
223 2149 280 2213 lita
311 2147 426 2226 fuerit,
459 2146 575 2218 solidos
607 2147 644 2212 X
682 2147 810 2211 domino
844 2149 913 2212 eius
945 2149 1128 2234 persolvere
1161 2173 1215 2214 co·

105 2264 215 2342 gutur.

157 2465 242 2536 Ister
258 2467 290 2512 ⁸²
332 2464 497 2536 Latebaelu'
527 2475 554 2527 et
585 2464 739 2529 Wisaraau
766 2465 900 2548 fluvium
932 2465 1002 2527 talis
1026 2477 1067 2528 est
1090 2487 1213 2530 eousue·

105 2573 200 2642 tudo:

623 2690 698 2736 XIV.

155 2783 195 2846 δι’
216 2780 328 2846 nobilis
351 2800 401 2842 seu
424 2778 502 2842 liber
525 2777 620 2843 libero
644 2780 676 2842 vi
698 2779 818 2862 aliquid
840 2780 1007 2856 abstulerit,
1032 2793 1089 2843 aut
1111 2785 1214 2866 ipsum

107 2899 164 2951 asu
195 2886 284 2948 aliud
313 2883 410 2948 simile
440 2885 474 2946 iu
506 2883 603 2946 laeum
635 2885 789 2960 restituat,
822 2896 849 2947 et
871 2880 1001 2948 XXIV
1024 2887 1134 2951 solidas
1151 2913 1215 2974 pao

96 2994 186 3087 s'aeti
215 2991 321 3056 seelera
352 3001 516 3074 componat
533 2993 583 3067 ⁸3,
614 3001 641 3053 et
668 2989 858 3073 uereqildum
893 3013 980 3054 suum
1017 2994 1060 3056 acl
1089 3007 1214 3078 partem

106 3101 190 3185 regis
213 3108 338 3182 aoyutur
361 3095 518 3162 exsoluere.

631 3218 691 3264 xv.

155 3309 196 3374 Si
225 3320 325 3372 autem
356 3306 480 3384 nabilis,
511 3308 558 3371 vel
589 3307 684 3384 liber,
716 3309 813 3372 aobili
842 3310 874 3370 ui
895 3308 1017 3390 aliqtticl
1040 3311 1213 3387 abstulerit,

106 3417 269 3485 medietate
292 3413 409 3476 maiori
434 3413 648 3497 compositione
660 3415 693 3458 ⁸⁴
717 3412 846 3495 faaiuus
878 3423 1002 3497 coyatur
1035 3417 1212 3494 emendare,

108 3534 137 3589 et
160 3518 356 3604 wereyildum
378 3539 483 3594 suum,
506 3527 541 3580 ut
562 3517 718 3601 superisa,
744 3519 788 3581 ad
806 3529 933 3602 partem
956 3521 1036 3604 aeyis
1058 3521 1202 3586 eusotvaa

622 3639 697 3685 xvt.

156 3730 244 3794 luter
275 3729 344 3794 litos
374 3727 419 3792 uis
444 3731 553 3816 faeta,
589 3729 749 3794 medietate
774 3732 890 3794 mtuou·
912 3733 1128 3814 compositione
1151 3735 1212 3798 sel·

107 3838 208 3906 veada
233 3847 297 3920 est;
322 3835 446 3918 iusuper
471 3844 499 3898 et
521 3833 714 3918 uereyildum
737 3857 825 3898 suum
849 3835 892 3898 ad
908 3845 1035 3919 partem
1058 3821 1147 3920 reqis.

622 3956 711 4002 xvn.

160 4047 200 4112 Si
221 4067 324 4111 seusus
347 4045 379 4108 ui
401 4042 518 4126 aliquid
540 4043 680 4122 sustulit,
704 4045 846 4110 domiuus
869 4053 931 4114 eius
952 4069 1013 4132 pao
1037 4046 1091 4110 illo
1115 4070 1213 4131 quau-

108 4158 224 4220 titateua
255 4151 304 4215 uei
325 4147 463 4212 sublatae
494 4161 676 4235 componat,
701 4171 737 4212 aa
760 4149 789 4212 si
810 4145 875 4235 ipse
898 4151 1078 4229 sustulisset,
1104 4166 1132 4217 et
1149 4178 1212 4239 pro

107 4257 266 4343 wereyildo
289 4257 372 4320 suut
392 4249 446 4316 IV
469 4253 599 4332 solidas,
629 4255 685 4320 boa
710 4266 752 4321 est
775 4256 916 4320 denarias
945 4254 1041 4334 XII,
1067 4260 1112 4322 ud
1129 4283 1213 4345 pau.

107 4373 166 4433 tem
189 4359 269 4454 reyis
293 4372 456 4450 componat
476 4362 517 4430 ⁸⁵.
