3144 5460
317 544 355 598 IV
721 543 793 590 Lnx
814 541 1021 591 snlslomm.

318 748 389 831 Fli,
420 747 625 815 Frisium
665 747 859 813 mediam
895 749 979 812 inter
1010 745 1063 812 Fli
1099 755 1131 810 et
1166 744 1353 826 Laubachi,
1389 757 1423 811 et

318 853 526 923 Frisium
566 853 856 919 orientalem
893 853 976 919 inter
999 851 1169 918 Laubnchi
1193 862 1227 918 et
1249 851 1423 918 Wisaram.

318 957 412 1028 Haec
443 960 568 1026 Frisiac
600 957 714 1024 divisio
738 959 867 1024 maximi
891 970 939 1024 est
963 957 1132 1037 momenti,
1167 968 1200 1023 et
1225 959 1326 1023 omnis
1350 955 1424 1022 Fri·

317 1067 442 1134 tionum
474 1065 606 1132 historia
637 1064 855 1149 antiquissima
887 1065 976 1132 nullo
1008 1063 1104 1129 modo
1136 1063 1273 1152 intelligi
1301 1073 1424 1148 potest,

318 1173 379 1238 nisi
418 1171 459 1238 ad
506 1194 575 1238 eam
616 1193 714 1256 quam
750 1170 991 1259 diligentissime
1027 1170 1168 1236 animum
1203 1167 1423 1246 attendamus;

317 1277 401 1342 hanc
432 1276 473 1341 ob
505 1297 634 1342 causam
664 1274 770 1341 facere
802 1298 865 1340 non
896 1297 1045 1361 possum,
1081 1274 1160 1359 quin
1183 1273 1316 1339 flumine
1339 1271 1424 1339 dicta

317 1383 500 1448 accuratius
523 1379 729 1460 considerem,
754 1381 872 1467 quibus
895 1380 1021 1446 Frisiae
1045 1390 1153 1466 partes
1176 1390 1321 1465 tempore
1343 1379 1423 1468 legis

317 1483 502 1552 Frisionum
526 1497 617 1553 crant
641 1487 760 1551 finitae.

366 1615 396 1658 c.
420 1589 624 1658 Sinkfal.
671 1589 805 1656 Initium
837 1589 1056 1677 explicationis
1087 1590 1202 1656 faciam
1233 1588 1423 1675 exscriptis

317 1694 415 1762 medii
438 1697 510 1762 aevi
534 1696 620 1761 locos
644 1695 834 1784 colligendo,
857 1697 890 1761 iu
915 1695 1032 1782 quibus
1056 1694 1176 1762 fluvius
1195 1693 1322 1761 Sinkfal
1337 1719 1423 1761 com·

316 1812 528 1868 memoratur:

364 1905 438 1972 Lex
469 1905 553 1972 Fris.
584 1903 693 1986 XIV,
728 1908 767 1972 2:
800 1909 888 1972 Haec
918 1907 968 1973 lca
991 1909 1070 1972 inter
1093 1906 1260 1994 Lautacla'
1283 1920 1311 1973 et
1333 1907 1425 1972 Helai

318 2015 507 2091 custoditam
539 2026 688 2078 caeteram
719 2015 799 2078 inter
823 2013 953 2078 Flebam
977 2025 1004 2078 ct
1027 2012 1202 2098 Sincsalam
1215 2013 1351 2098 fluvium
1375 2025 1423 2076 tc·

317 2119 357 2185 at
389 2129 432 2184 cat
465 2119 644 2182 consociando
670 2126 740 2194 etos
764 2116 805 2182 L.
828 2116 912 2181 Fris.
937 2115 1024 2180 Add.
1048 2113 1123 2195 III,
1149 2116 1211 2182 58:
1237 2119 1325 2202 apud
1346 2118 1424 2182 occi·

316 2221 453 2290 nautales
475 2221 632 2287 Frisiorum
655 2223 733 2287 inter
757 2222 851 2287 Fani
871 2234 900 2288 ct
922 2221 1113 2307 Siacfalam5
1159 2221 1199 2287 L.
1223 2221 1307 2287 Fris.
1328 2221 1360 2299 Ι,
1379 2223 1422 2286 10

318 2338 351 2395 et
375 2322 463 2394 Add.
487 2326 561 2406 III,
588 2327 648 2390 73:
675 2329 753 2392 inter
777 2329 831 2396 Flt'
852 2326 971 2414 (Melzi)
997 2341 1025 2393 et
1054 2328 1247 2416 Simpulum
1271 2327 1312 2392 L.
1341 2325 1422 2398 Fris.

210 2428 212 2432 ’
316 2433 380 2514 IV,
404 2435 426 2497 4
451 2441 483 2498 et
505 2430 588 2510 XV,
614 2432 654 2495 4:
678 2433 759 2497 iuter
782 2431 927 2497 Lechaei
950 2443 978 2498 ct
1000 2434 1181 2520 Siacfclam.

343 2547 549 2616 *Scholion5
583 2549 625 2613 96
659 2549 700 2613 ad
732 2546 852 2614 Adami
885 2547 986 2615 Gesta
1018 2550 1252 2638 Hammaburg.
1274 2551 1328 2617 lib.
1353 2549 1421 2620 IV:

363 2655 417 2720 Dc
447 2655 536 2740 Ripa
566 2656 599 2718 a'a
622 2652 809 2718 Flaadciam
840 2656 884 2718 ad
910 2653 1031 2741 Cincfal
1054 2659 1208 2746 oecficcrc'
1225 2669 1324 2742 potest
1346 2659 1422 2722 diso·

316 2761 372 2825 bas
404 2761 509 2824 dabas
541 2770 570 2824 ct
592 2760 713 2824 totidem
736 2761 893 2837 coelibum
917 2763 954 2826 dc
983 2760 1108 2845 Cialcfal
1128 2763 1173 2826 ad
1193 2762 1276 2826 Prol
1298 2764 1329 2827 ia
1353 2762 1421 2826 Aa·

313 2867 412 2952 pliam
442 2865 558 2928 duobus
588 2865 695 2929 diebus
727 2877 755 2930 et
785 2889 849 2930 aaa
872 2877 966 2932 nocte.
990 2867 1078 2931 Illud
1102 2879 1145 2933 cet
1167 2868 1308 2931 ultimam
1331 2879 1423 2954 caput

315 2969 452 3055 Aapliac
484 2989 587 3033 uersas
615 2981 774 3048 austrum,
800 2981 829 3034 et
851 2983 893 3034 est
912 2993 1071 3057 processus
1094 2973 1168 3036 illac
1192 2974 1229 3036 dc
1252 2969 1342 3056 Ripa
1365 2997 1423 3036 aa·

316 3073 441 3161 palesna
471 3074 551 3137 inter
583 3083 721 3138 castrum
753 3087 782 3140 ct
813 3076 995 3140 occidentem
1028 3072 1071 3140 G.
1096 3073 1157 3142 SS.
1180 3075 1263 3144 VII.
1287 3100 1320 3162 p.
1344 3077 1422 3142 368.

316 3177 411 3261 Quae
435 3178 535 3244 verba
566 3176 757 3244 Albertus6
788 3180 822 3243 in
859 3179 1004 3246 Annales
1036 3179 1208 3248 Stadenscs
1240 3184 1286 3247 ita
1318 3192 1421 3248 trans-

314 3283 458 3371 scripsit:
490 3285 530 3350 Si
556 3307 743 3370 prosperam
772 3296 892 3351 ventum
916 3288 1078 3367 habueris,
1103 3290 1255 3377 oelsflomc
1272 3301 1362 3374 potes
1386 3289 1422 3352 dc

315 3391 405 3476 Rc'pa
440 3391 473 3452 in
509 3385 697 3454 Flammam
733 3392 778 3456 ud
817 3391 942 3470 Cialcfal
977 3395 1094 3458 duobus
1118 3395 1224 3459 dicbus
1248 3407 1276 3458 et
1299 3395 1422 3460 totidem

314 3494 466 3570 noctibus,
498 3495 536 3560 dc
574 3494 698 3572 Cinlcfal
721 3499 766 3560 ad
788 3496 870 3562 Pcol
892 3500 925 3562 in
952 3499 1101 3585 Aapliam
1125 3501 1241 3565 duobus
1264 3501 1370 3564 dicbus
1394 3509 1423 3564 ct

314 3620 379 3664 aaa
402 3610 506 3674 nocta·
527 3598 607 3663 illud
630 3609 673 3662 est
695 3599 835 3664 altimum
859 3616 954 3688 caput
975 3602 1109 3691 Amplius
1132 3627 1234 3671 verua
1265 3617 1419 3683 acetrum,

314 3699 407 3768 Mon.
431 3698 474 3766 G.
499 3699 560 3768 SS.
576 3701 677 3768 XVI.
693 3728 724 3790 p.
743 3705 821 3770 340.

361 3804 542 3874 Fricsische
578 3805 672 3874 Kure
707 3809 749 3874 10
786 3810 886 3898 (quae
919 3823 968 3878 est
999 3824 1153 3900 concepta
1184 3815 1269 3880 circa
1301 3837 1420 3880 annum

350 4061 366 4108 t
401 4055 509 4110 Scholia
526 4055 616 4104 addita
633 4051 720 4106 Gestis
737 4055 836 4108 Adami
855 4061 1012 4112 omniafere
1030 4063 1126 4128 scriptu
1143 4066 1253 4116 suntab
1271 4064 1328 4130 ipso
1345 4065 1419 4116 Ada·

314 4151 358 4190 mo
385 4137 510 4188 canonico
536 4134 685 4198 Bromensi,
715 4139 760 4202 qui
778 4139 849 4188 circa
867 4155 960 4191 annum
982 4148 1045 4192 1125
1063 4151 1180 4196 mortuus
1201 4152 1254 4208 cst3
1272 4147 1331 4196 vide
1349 4146 1420 4212 Lap-

314 4218 429 4285 psnborg
446 4218 474 4266 in
491 4215 563 4265 Mon.
581 4214 613 4266 G.
632 4215 680 4266 SS.
698 4217 760 4267 VII.
777 4235 804 4283 p.
824 4222 881 4270 274.

349 4303 365 4346 6
400 4295 527 4346 Albcrtus
553 4295 633 4345 abbas
660 4295 794 4347 stadensis
812 4307 928 4352 mortuus
947 4308 985 4352 cst
1002 4305 1068 4354 inter
1086 4321 1108 4355 a.
1131 4308 1193 4356 1261
1214 4314 1239 4358 ct
1261 4311 1341 4368 1264,
1360 4306 1420 4356 vidc

313 4374 487 4444 Lappcnberg
503 4375 530 4424 ln
546 4373 619 4425 Mon.
637 4374 669 4426 G.
688 4373 736 4428 SS.
754 4375 830 4429 XVI.
848 4394 872 4443 p.
891 4382 948 4431 272.
