3144 5460
357 553 474 602 XXXVI
764 550 835 598 11le
856 547 1061 598 FRISIONUH.

358 771 442 836 tem,
478 756 556 842 quin
591 753 735 819 Karolus
771 752 912 840 Magnus
946 751 1044 818 fuerit
1078 775 1154 830 rex,
1183 754 1241 838 qui
1264 751 1476 838 publicasset

357 861 497 930 edictum
531 856 628 935 illud;
666 857 779 925 titulus
803 859 889 927 enim
919 859 1074 944 septimus
1105 856 1242 922 Frisiam
1273 857 1476 923 orientalem

355 967 511 1044 nominat,
536 989 555 1030 a
577 961 702 1030 Karolo
725 962 849 1050 Magno
874 962 1002 1029 demum
1025 985 1125 1050 regno
1149 961 1349 1028 Francorum
1384 964 1475 1028 sub·
1556 987 1557 1022 l

354 1075 488 1150 iactam,
525 1082 557 1136 et
592 1091 675 1156 qnae
711 1071 744 1136 in
779 1070 875 1137 titulo
910 1068 1003 1148 XX,
1040 1071 1060 1134 2
1096 1068 1177 1156 legis
1211 1067 1397 1134 Frisionum
1426 1069 1475 1134 de

357 1177 589 1266 compositione
613 1177 724 1242 novics
748 1174 902 1241 sumenda
925 1174 1016 1240 nobis
1040 1185 1231 1251 occurrunt,
1255 1175 1323 1260 ipse
1352 1173 1474 1238 Karo—

355 1284 407 1352 lus
422 1283 566 1371 Magnus
581 1282 615 1348 in
631 1282 704 1369 lege
728 1278 892 1348 Saxonum
915 1278 963 1358 Π,
993 1280 1013 1344 6
1038 1279 1108 1366 (vel
1131 1276 1181 1344 ed.
1206 1277 1335 1345 Merkel
1358 1282 1375 1363 ᾗ
1403 1281 1473 1367 19)

357 1389 540 1458 constituit:
572 1389 602 1452 ai
632 1389 851 1454 mordritotum
882 1387 952 1473 qaia
973 1387 1101 1471 feeerit,
1133 1398 1335 1472 conponatur
1354 1387 1472 1472 primo
1556 1418 1557 1454 l

357 1499 392 1560 ia
427 1494 539 1579 simplo
579 1494 668 1557 iurata
708 1494 909 1557 conditionem
942 1514 1033 1554 auam
1068 1490 1176 1578 (cuins
1211 1489 1351 1556 mulctae
1386 1513 1471 1576 pars
1556 1537 1557 1572 ,

356 1599 453 1666 tertia
476 1620 495 1662 a
518 1596 672 1684 proximis
694 1597 763 1662 eius
788 1597 844 1682 qui
867 1594 991 1662 facinus
1015 1596 1213 1683 perpetravit
1241 1597 1470 1682 componenda

358 1713 424 1783 est,
459 1704 544 1768 duae
579 1724 657 1768 vero
694 1711 801 1789 portes
839 1701 879 1767 ab
914 1701 1004 1790 illo),
1039 1715 1068 1768 ct
1097 1705 1225 1789 insuper
1247 1705 1336 1768 ortior
1360 1704 1403 1766 ab
1428 1725 1468 1767 eo

357 1821 568 1896 componatur.
617 1804 725 1889 Quem
761 1806 892 1874 titulum
926 1807 1009 1895 legis
1044 1803 1211 1873 Saxonum
1245 1807 1329 1872 inter
1359 1829 1467 1870 annos

359 1914 425 1982 785
458 1925 491 1980 et
524 1915 589 1980 797
623 1936 643 1979 a
673 1910 797 1979 Karolo
829 1911 952 2001 Magno
982 1911 1181 1999 publicatum
1212 1933 1297 1989 esse,
1327 1933 1467 1977 cousen-

356 2021 443 2086 tiunt
465 2019 528 2083 viri
550 2017 654 2096 docti,
678 2015 753 2082 vide
777 2016 908 2083 Merkel
931 2015 1005 2083 Lex
1029 2014 1193 2084 Saxonum
1217 2040 1249 2103 p.
1276 2017 1306 2082 5.

403 2253 437 2319 y.
484 2225 605 2292 Librae
639 2225 755 2314 viginti
794 2225 977 2293 solidorum.
1040 2225 1143 2292 Tituli
1182 2224 1253 2291 XV
1294 2237 1326 2292 et
1367 2224 1464 2293 XVI

357 2333 439 2422 legis
477 2330 678 2410 Frisionum‚
715 2330 772 2416 qui
807 2332 969 2418 pertinent
1004 2331 1046 2397 ad
1080 2331 1217 2397 Frisium
1253 2333 1461 2412 orientalem,

357 2461 444 2506 anuo-
475 2435 541 2502 785
574 2458 675 2524 regno
710 2435 910 2503 Francorum
946 2437 1139 2515 subiectam,
1179 2438 1373 2504 mentionem
1411 2438 1463 2504 fa-

357 2544 448 2610 ciunt
487 2541 642 2607 librarum
681 2540 798 2628 viginti
837 2540 1033 2620 solidorum3
1073 2542 1132 2608 has
1172 2552 1280 2614 antem
1326 2567 1345 2607 a
1389 2542 1462 2608 Ka-

359 2648 428 2714 rolo
469 2645 592 2734 Magno
628 2647 663 2710 in
698 2668 798 2734 regno
833 2646 1034 2713 Francorum
1073 2669 1142 2712 esse
1180 2648 1342 2713 institutas
1383 2672 1461 2714 oon·

357 2763 444 2828 stat3
468 2775 507 2818 ex
540 2750 644 2818 edicto
676 2748 808 2839 Pippini
839 2752 924 2840 regis
955 2749 1058 2819 librae
1090 2751 1206 2818 solidos
1238 2752 1353 2840 viginti
1377 2755 1459 2819 duos

361 2859 557 2926 babuerunt.

405 2960 525 3028 Annus
549 2981 613 3045 quo
637 2958 780 3025 Karolus
804 2959 947 3048 Magnus
971 2960 1134 3041 edixerat,
1166 2972 1204 3027 ut
1227 2962 1328 3028 librae
1351 2976 1461 3029 essent

358 3066 476 3155 viginti
492 3062 677 3144 solidorum,
700 3064 882 3153 incognitus
906 3076 968 3144 est3
994 3066 1045 3131 vir
1069 3064 1183 3132 doctus
1207 3063 1359 3133 Guerard
1382 3091 1461 3135 con·

358 3172 434 3238 iecit
464 3192 583 3236 annum
615 3169 702 3248 779,
733 3191 873 3256 eumque
905 3171 1006 3236 secuti
1037 3181 1113 3237 sunt
1145 3172 1316 3259 scriptores
1346 3195 1460 3240 recen·

359 3278 468 3357 tiores,
492 3274 583 3344 verbi
605 3274 710 3363 gratia
734 3271 763 3338 1.
787 3273 831 3340 H.
850 3273 975 3341 Muller
990 3275 1155 3343 Deuteche
1171 3275 1460 3365 Munzgeschichte

360 3383 498 3469 Leipzig
536 3381 637 3447 1860.
675 3377 705 3444 Ι.
738 3403 771 3467 p.
808 3381 862 3447 96.
888 3381 931 3446 99
957 3391 990 3446 et
1013 3376 1124 3448 Waltz
1146 3381 1189 3448 D.
1213 3380 1306 3450 Vorf.
1329 3382 1371 3450 G.
1395 3383 1459 3450 IV.

359 3511 392 3574 1>-
417 3487 462 3552 ⁷0
479 3489 522 3549 ⁴⁶·
1019 3511 1022 3516 “
1402 3569 1407 3574 ,

406 3587 504 3671 Quae
535 3611 636 3674 quum
665 3590 711 3654 ita
741 3591 820 3668 sint,
851 3612 996 3657 aenaeam
1027 3601 1151 3679 partem
1179 3591 1352 3661 secundam
1375 3595 1457 3685 legis

359 3694 544 3762 Frisiorum
576 3692 634 3781 (=
664 3692 735 3784 Π),
766 3695 860 3761 ouius
886 3697 1026 3784 capitula
1049 3720 1080 3784 p.
1198 3698 1348 3780 laudavi,
1373 3723 1456 3770 anno

362 3801 429 3870 785
466 3801 617 3888 scriptam
652 3822 737 3878 essc3
773 3823 879 3888 neque
910 3803 973 3869 loci
996 3801 1126 3889 quidam
1150 3803 1309 3870 dictorum
1332 3809 1456 3894 capitu-

359 3909 466 3975 lorum
489 3929 573 3974 anno
598 3904 665 3972 785
689 3919 879 3998 repugnent.
925 3907 1000 3976 Non
1023 3912 1108 3978 enim
1130 3913 1306 4002 comprobo
1330 3923 1457 3982 senten·
1556 3949 1557 3986 ς

395 4201 427 4246 46
462 4195 532 4245 vioe
557 4193 673 4260 Capitol.
696 4194 802 4262 Pippini
820 4197 880 4248 anni
897 4197 947 4248 inc.
974 4213 1031 4264 cap.
1048 4205 1079 4250 5:
1096 4197 1248 4254 Damonem
1274 4206 1452 4268 constituimur,

361 4286 388 4330 ut
412 4274 518 4341 amplius
543 4293 591 4326 aon
608 4277 697 4328 lubeat
713 4277 740 4327 in
758 4276 823 4328 libra
837 4288 958 4342 pensante
976 4280 1029 4330 πίει·
1043 4286 1076 4330 22
1092 4281 1202 4346 solidos,
1220 4285 1293 4336 Mon.
1310 4284 1416 4340 G.1·.1..
1431 4289 1452 4339 1.
1556 4289 1557 4355 l

357 4373 384 4426 p.
401 4361 449 4418 31,
467 4361 492 4406 ot
509 4354 596 4420 Capit.
610 4355 704 4408 Karoli
720 4355 759 4407 Μ.
776 4372 800 4408 a.
819 4358 866 4408 tta
885 4375 906 4410 c.
925 4365 954 4423 a,
971 4359 1045 4412 Mon.
1063 4360 1096 4414 G.
1112 4362 1168 4413 LL.
1187 4363 1210 4416 1.
1227 4381 1254 4432 p.
1272 4371 1313 4416 41.
