3144 5460
536 577 607 629 LEX
626 575 765 624 taisson
771 578 831 622 UH·
1124 577 1214 626 xuni

105 777 297 858 formatum
320 804 383 848 non
408 782 493 848 enim
517 779 663 868 singulae
685 779 766 847 iuris
789 782 912 866 antiqui
937 783 1108 868 positiones
1135 796 1211 846 sunt

103 895 266 965 mutatae,
296 887 352 953 sed
387 887 522 976 regulae
558 884 715 972 quaedam
743 887 908 974 generales
932 911 1034 955 novae
1057 887 1089 952 in
1115 909 1209 953 omne

103 991 157 1058 ius
188 993 356 1079 antiquum
388 992 512 1059 Frisiae
536 988 704 1070 inductae,
730 1005 766 1057 ut
781 993 971 1079 exemplum
995 993 1127 1060 afferam
1150 993 1210 1059 tri*

102 1096 234 1187 plicatio
270 1099 461 1166 muletarum
485 1109 518 1164 et
541 1097 824 1181 compositionum,
847 1097 888 1166 de
912 1121 977 1185 qua
1000 1122 1032 1185 p.
1055 1097 1208 1168 XXXII

102 1202 205 1270 verba
239 1203 311 1270 feci.
356 1204 485 1272 Auctor
520 1201 705 1272 Additionis
742 1226 823 1291 opus
861 1226 955 1270 suum
991 1227 1029 1270 ea
1064 1202 1207 1270 condidit

102 1319 228 1388 mente,
259 1321 297 1374 ut
328 1311 378 1375 ius
405 1311 546 1396 partium
569 1307 694 1374 Frisiae
718 1320 913 1395 exaequaret
937 1312 967 1380 ei
990 1310 1126 1378 aliorum
1150 1332 1209 1397 po-.

100 1413 254 1498 pulcrum
278 1416 371 1504 regni
394 1413 602 1490 Franoonici;
626 1411 660 1478 id
683 1415 821 1484 maxime
844 1415 960 1502 probat
989 1415 1206 1504 weregeldum

100 1517 262 1586 Frisicum
297 1519 488 1589 Additione·
510 1517 700 1605 Sapientum
735 1519 767 1584 in
807 1522 873 1585 160
904 1521 1021 1586 solidos
1058 1533 1206 1602 auctum,

100 1623 191 1708 quod
215 1637 284 1692 erat
307 1625 524 1714 weregeldum
548 1623 761 1710 complurium
783 1627 976 1713 populorum
994 1627 1087 1713 regni
1102 1626 1207 1694 Fran·

99 1731 221 1809 conici,
245 1718 459 1800 attestatum
482 1743 530 1797 est
554 1730 648 1796 titulo
671 1728 839 1800 XXXVI
855 1732 936 1820 legis
958 1733 1206 1818 Ripuariorumt

99 1839 129 1900 oi
153 1839 220 1922 qnia
243 1839 419 1924 Ripuoriua
436 1842 589 1904 advenam
613 1837 770 1900 Franoom
792 1840 986 1925 interfecerit,
1012 1841 1079 1904 200
1094 1840 1207 1905 eolides

100 1943 266 2027 capabilia
288 1946 454 2022 indicatum
475 1946 517 2010 ei.
533 1992 540 2006 .
557 1971 585 2021 .;
607 1944 635 2005 ei
659 1943 727 2026 qnia
750 1944 927 2029 Ripuorina
950 1946 1100 2009 advenam
1126 1945 1207 2010 Ata·

98 2071 266 2128 mannum,
297 2074 349 2116 aen
381 2051 558 2127 Frisiorum,
590 2071 641 2113 aou
665 2048 878 2129 Baioarium,
903 2072 956 2114 eeu
979 2050 1134 2115 Surenam
1157 2052 1206 2113 in·

99 2155 266 2240 terfecerii,
304 2156 372 2220 160
406 2156 513 2221 aolidia
547 2153 709 2239 culpabilia
743 2155 901 2220 iudicetur.
953 2154 1046 2235 Quod
1080 2157 1108 2218 ai
1137 2177 1204 2220 oum

99 2271 224 2344 arpeoto
259 2261 374 2326 coivere
409 2262 583 2347 corruperit,
613 2281 676 2344 pro
711 2259 807 2324 aolido
845 2260 1005 2326 duodecim
1041 2262 1204 2339 denarios,

97 2365 175 2428 sicot
197 2368 363 2450 antiquitus
386 2381 427 2432 eat
450 2369 640 2434 constitutum
658 2366 700 2434 ⁵¹..

146 2461 284 2536 Ratione
319 2471 429 2536 habita
464 2472 561 2537 huius
597 2472 766 2549 momenti,
804 2470 892 2555 quod
927 2471 1129 2558 agnoscimus
1168 2472 1201 2536 in

98 2575 275 2642 Additione
300 2577 380 2666 legis
405 2577 588 2643 Frisiorum
613 2577 757 2655 condita,
781 2577 874 2641 multi
902 2577 961 2642 viri
986 2576 1089 2654 docti,
1118 2576 1202 2646 inter

98 2705 179 2766 quos
211 2685 349 2768 primum
381 2684 508 2748 nomino
543 2682 702 2748 Mathiam
735 2681 775 2746 de
799 2681 935 2762 wicht„
960 2679 1202 2752 Ostfriosisehes

96 2785 308 2863 Landrecht‚'
339 2787 466 2852 Aurich
505 2789 604 2851 1746.
652 2785 849 2851 Vorbericht
884 2809 915 2872 p.
957 2786 1018 2865 ot,
1056 2786 1202 2858 arbitrati

98 2904 190 2970 sunt,
226 2891 384 2958 Karolum
421 2891 581 2981 Magnum
617 2891 751 2960 eandem
787 2913 869 2957 anno
908 2892 973 2958 802
1009 2891 1202 2973 instituisse3

96 2998 200 3083 iisque
224 2999 404 3064 assentiam.

143 3102 285 3170 Karolus
321 3104 464 3192 Magnus
499 3128 633 3170 munere
668 3105 869 3191 imperatoris
906 3114 1073 3190 suscepto,
1105 3126 1200 3170 suum

95 3231 164 3274 ease
199 3207 372 3288 iudicarit,
404 3208 562 3296 quaedam
593 3211 741 3278 instituta
770 3211 804 3275 in
836 3230 935 3295 regno
959 3231 1018 3273 suo
1042 3209 1199 3288 condere,

88 3315 238 3402 inprimis
273 3327 380 3381 autem
415 3314 560 3396 efficere,
596 3327 632 3383 ut
652 3315 804 3402 quilibet
837 3315 888 3378 ius
916 3335 1011 3379 suum
1038 3312 1180 3380 obtineat
1188 3337 1199 3389 3
1225 3331 1227 3336 ’

96 3443 160 3506 quo
196 3421 325 3487 oonsilio
362 3422 450 3510 loges
486 3421 626 3488 omnium
663 3419 856 3506 populorum
894 3417 952 3483 sibi
982 3417 1197 3485 subiectorum

95 3525 257 3591 emendari
280 3527 373 3591 iussit
390 3531 432 3590 ⁵2.
478 3525 624 3592 Annales
641 3523 933 3590 Laureshamenaes
950 3535 983 3589 et
999 3522 1196 3608 Einhardus,

95 3633 128 3700 in
164 3630 241 3696 Vita
275 3629 389 3700 Karoli
424 3631 556 3720 Magni,
594 3631 741 3710 tradunt,
778 3631 839 3698 hoo
875 3630 995 3701 factum
1031 3652 1118 3708 esse;
1149 3631 1195 3702 illi

104 3800 245 3818 m

131 3925 159 3972 51
196 3919 314 3975 Titulum
340 3918 462 3970 XXXVI
488 3919 541 3984 legi
568 3919 688 3986 antiquae
706 3918 890 3982 Ripuariorum
908 3917 1037 3966 adiectum
1053 3925 1117 3982 puto
1135 3928 1195 3984 post

95 4016 187 4051 annum
215 4005 279 4063 802,
304 4001 370 4049 conf.
388 3999 481 4062 Roggc
499 3999 542 4046 De
559 3997 685 4062 peculiari
702 3997 769 4060 legis
788 3997 847 4061 Rip.
866 4011 924 4046 cnm
942 3995 998 4046 Sal.
1014 4010 1084 4047 nexu
1100 4013 1126 4062 p.
1144 4003 1196 4062 at,

95 4079 187 4146 Gaupp
213 4080 334 4132 German.
356 4079 488 4129 Abhandl.
514 4093 541 4142 p.
559 4083 592 4140 2,
610 4076 708 4127 Stobbe
726 4075 820 4130 Gesch.
839 4080 885 4128 dar
903 4077 1053 4132 Dcutschen
1070 4067 1197 4146 neentaq.

93 4160 114 4214 1.
131 4177 157 4226 p.
174 4166 222 4223 63,
239 4159 335 4210 Waita.
352 4157 603 4208 Mitnaverhiilmisse
620 4171 646 4222 p.
667 4161 706 4208 15.

126 4245 158 4290 52
192 4239 263 4292 Vide
288 4239 421 4290 Eichhom
447 4238 481 4289 D.
507 4238 630 4301 Rechtsg.
657 4238 672 4301 5
701 4242 748 4287 143
775 4235 961 4301 Anmmtung,
989 4243 1015 4286 et
1042 4237 1129 4290 Waits
1158 4241 1192 4291 D.

93 4321 163 4375 Vsrf.
181 4319 213 4371 G.
230 4321 282 4376 111.
298 4335 324 4387 p.
345 4325 400 4370 189.
434 4319 477 4370 De
501 4319 617 4370 conciliis
636 4332 652 4368 a
674 4317 775 4369 Karolo
793 4317 950 4382 imperatore
967 4319 1040 4371 annis
1059 4324 1196 4378 tol-soa

92 4403 239 4458 convocatis
256 4400 315 4456 vide
333 4399 420 4454 Waita
438 4401 456 4454 1.
464 4401 483 4456 l.
501 4415 526 4464 p.
546 4403 606 4454 284.
998 4423 1000 4430 .
1201 4427 1203 4430 .
