3144 5460
373 555 514 602 XXXVIII
776 558 844 605 LEX
866 557 1070 605 FRISIONUII.

372 779 428 846 W.
460 777 617 854 Eekhoffi
650 773 871 841 Lesuwarden
907 775 1005 842 1846.
1038 775 1065 839 I.
1098 799 1129 862 p.
1161 775 1229 840 286
1255 785 1286 840 et
1310 774 1478 840 Fockema

369 887 404 951 in
439 883 479 950 de
514 881 604 970 Vrije
639 881 749 959 Fines,
784 881 884 946 1853.
908 879 970 946 VI.
1002 903 1033 968 p.
1068 881 1144 948 118.
1176 879 1276 945 Haud
1304 881 1478 946 confirma-

371 992 473 1056 verim
503 1000 647 1074 tempore
678 985 793 1052 Karoli
823 985 939 1072 Magni
974 1009 1100 1050 omnem
1124 984 1260 1051 Frisium
1284 1009 1387 1051 unum
1412 987 1476 1052 du-

369 1119 438 1163 osm
472 1093 640 1170 habuisse3
675 1091 832 1158 ooniiosre
867 1092 974 1178 potius
1008 1091 1122 1170 velim,
1152 1091 1320 1177 praefectis
1344 1092 1475 1173 limitis,

370 1199 503 1290 singuiis
540 1197 724 1287 regionibus
760 1195 883 1262 Frisiae
919 1197 1084 1261 maritimis
1116 1198 1322 1282 praepositis,
1355 1219 1476 1264 nomen

370 1308 461 1374 ducis
489 1304 595 1370 fuisse.
644 1302 696 1368 De
725 1301 859 1368 vocibus
880 1303 1069 1388 praefetam,
1094 1303 1159 1367 dun
1182 1302 1307 1382 limitis,
1330 1306 1475 1370 morolzis

369 1407 582 1480 eonferendus
617 1418 666 1473 est
700 1407 810 1474 Waitz
845 1405 887 1472 D.
924 1406 1171 1495 Verfassungsg.
1206 1405 1272 1472 III.
1311 1431 1343 1496 p.
1385 1410 1474 1486 3153

370 1519 459 1606 quod
493 1514 633 1602 pertinet
668 1511 709 1578 ad
744 1511 882 1576 Frisiam
916 1511 1183 1597 antiquissimam,
1207 1513 1339 1578 afferam
1362 1513 1475 1579 locum

370 1649 411 1692 ox
447 1621 526 1687 Vita
557 1615 591 1684 S.
623 1615 782 1683 Bonifacii
813 1639 882 1703 cap.
914 1617 959 1683 40
991 1617 1031 1683 de
1066 1641 1150 1684 anno
1177 1617 1242 1684 755
1268 1619 1472 1704 loquentem:

368 1753 447 1796 onos
488 1728 543 1814 qui
578 1726 710 1812 (fficium
740 1725 956 1810 praeferimus
987 1726 1150 1790 osmundum
1173 1726 1322 1789 indictum
1343 1725 1476 1810 plon‘oss'

368 1836 506 1923 Pippini
529 1833 609 1918 repis
631 1851 723 1916 super
740 1851 862 1916 papum
891 1829 1044 1914 morsuque
1071 1830 1160 1894 ilium
1187 1829 1222 1918 (i.
1247 1853 1274 1894 e.
1299 1830 1474 1918 Dockinga

367 1943 401 2006 in
436 1959 519 2026 pago
555 1933 714 2022 Asterga)
747 1936 886 2023 perabat,
921 1937 1043 2000 aomina
1078 1935 1193 2014 Abba,
1227 1933 1316 1999 Mon.
1340 1933 1382 2000 G.
1408 1933 1472 2002 SS.

367 2045 414 2112 H.
438 2068 470 2131 p.
496 2041 574 2106 353.

415 2147 534 2214 Facilis
569 2155 617 2210 est
653 2143 813 2210 distinctio
844 2145 923 2210 iuris
955 2144 1057 2230 prims
1082 2155 1115 2209 et
1138 2145 1240 2210 altera
1263 2146 1344 2233 legis
1368 2144 1471 2212 Frisi-

368 2276 467 2322 onum
501 2261 593 2339 parte
629 2249 727 2314 edicti
762 2249 802 2314 ab
828 2271 866 2314 eo
890 2247 978 2334 quod
1002 2251 1209 2315 constitutum
1234 2261 1282 2316 est
1305 2251 1338 2314 in
1362 2249 1471 2316 Addi-

368 2363 455 2428 tioue
472 2358 551 2447 logis
567 2355 761 2435 Frisionum,
777 2355 869 2420 ouius
885 2355 1027 2441 capitula
1042 2377 1140 2441 supra
1155 2379 1184 2441 p.
1282 2369 1471 2423 enumerata

368 2467 496 2534 tertiam
531 2461 612 2550 legis
647 2471 772 2547 partem
804 2460 864 2547 (.··:.
886 2459 959 2547 ΙΙΙ)
983 2461 1153 2526 nominavi.
1199 2459 1328 2527 Multae
1351 2464 1471 2527 eonsti-

368 2571 509 2638 tutiones
545 2573 578 2632 ot
611 2565 692 2653 legis
727 2564 963 2649 antiquissimae
990 2564 1049 2653 (Ξ
1072 2565 1106 2644 Ι)
1130 2579 1162 2632 et
1186 2567 1345 2632 secundae
1368 2570 1470 2653 partis
1559 2571 1560 2586 ³

367 2676 449 2766 legis
484 2673 544 2761 (ε
579 2669 631 2758 II)
663 2681 738 2736 sunt
770 2668 973 2750 emendatae,
1005 2693 1085 2756 quas
1117 2673 1248 2757 quidem
1271 2675 1305 2736 in
1329 2673 1469 2739 editione

366 2783 448 2870 legis
471 2779 513 2846 ad
537 2779 664 2867 singula
688 2777 828 2865 capitula
851 2777 931 2863 legis
954 2778 1072 2842 notavi.
1119 2777 1211 2844 Inter
1234 2801 1342 2844 omnes
1366 2782 1469 2844 maxi-

366 2911 418 2953 me
441 2887 575 2951 veniunt
599 2886 632 2948 in
658 2895 864 2968 conspectum
886 2883 1024 2948 mulctae
1048 2884 1102 2948 vel
1125 2885 1369 2970 compositiones
1392 2885 1468 2970 plu·
1558 2973 1559 2976 Ἴ

367 2993 467 3058 rimas
501 2989 697 3075 triplicatae,
734 3009 818 3072 quae
855 2997 947 3052 antes
981 2989 1014 3053 in
1050 2987 1156 3054 Frisia
1186 2990 1265 3056 iuris
1293 3001 1401 3071 erant,
1427 2991 1467 3057 de

367 3117 505 3184 quarum
536 3094 741 3182 gravissima,
773 3114 870 3177 quam
902 3093 1013 3158 dicunt
1044 3095 1257 3181 merepeldum,
1288 3097 1384 3182 paulo
1412 3121 1468 3163 ao-

368 3201 510 3267 ouratius
545 3199 606 3264 hoo
642 3198 713 3263 looo
750 3195 926 3284 disputem,
963 3208 1000 3262 ut
1035 3199 1181 3286 exemplo
1212 3202 1376 3267 ostendam
1399 3214 1467 3271 tres
1557 3227 1558 3234 ¹

366 3308 448 3397 legis
471 3315 579 3393 portes
602 3305 635 3369 in
660 3301 772 3368 eodem
795 3301 938 3369 diversas
962 3314 995 3368 et
1016 3304 1078 3368 sibi
1101 3306 1286 3371 contrarias.

413 3411 575 3477 Numeros
606 3407 877 3497 weregeldorum,
909 3431 1048 3495 quorum
1078 3409 1131 3475 lex
1162 3409 1344 3478 Frisionum
1376 3436 1467 3479 men·

365 3517 485 3584 tionem
519 3513 614 3591 facit,
648 3513 755 3576 nullus
790 3514 962 3600 intelligat,
996 3515 1058 3580 nisi
1081 3515 1138 3601 qui
1161 3525 1321 3582 monetam
1345 3540 1467 3606 coguo-

365 3621 467 3699 verit‚
503 3639 569 3704 qua
599 3617 651 3682 lox
682 3617 867 3683 Frisionum
898 3620 1010 3685 utitur.
1064 3620 1117 3686 De
1149 3621 1261 3687 eadem
1292 3624 1354 3689 viri
1377 3623 1467 3692 docti

366 3724 531 3816 opiniones
562 3721 705 3790 diversas
737 3735 990 3810 proposuerunt,
1026 3747 1131 3811 nequo
1161 3739 1287 3808 tamen,
1311 3739 1348 3795 ut
1378 3731 1465 3796 iudi-

366 3855 453 3913 cem,
488 3831 595 3898 lucem
626 3830 656 3895 ei
687 3829 866 3896 attulerunt
884 3834 933 3907 483
965 3830 1026 3896 alio
1049 3833 1084 3896 in
1107 3831 1176 3898 loco
1199 3844 1359 3900 monetam
1381 3835 1466 3924 legis

362 4019 517 4042 auu-¹·-

400 4138 433 4182 48
468 4129 544 4182 Gonf.
569 4128 688 4182 Sioosma
713 4129 772 4180 Lex
788 4131 856 4180 Fris.
872 4145 898 4194 p.
926 4132 988 4194 1173
1012 4131 1124 4183 Davoud
1150 4133 1257 4198 Oghlou
1284 4137 1401 4188 HistoIrs
1426 4139 1467 4190 11.

365 4228 392 4278 p.
419 4216 481 4273 ²0⁹3
505 4211 540 4264 K.
564 4209 670 4262 Msnrsr
694 4209 752 4262 Das
778 4209 874 4260 Wessn
901 4212 946 4262 des
974 4212 1073 4272 Adsis,
1098 4213 1229 4265 Mtiuohsn
1259 4221 1331 4266 1846.
1352 4233 1380 4283 p.
1400 4223 1464 4281 1063

364 4291 461 4356 Gaupp
487 4291 545 4343 Lsx
570 4290 761 4342 Chamavorum
784 4305 812 4354 p.
839 4297 885 4353 363
911 4291 999 4342 Wsita
1028 4292 1291 4359 Mtnzterhaltmsse,·
1320 4296 1465 4363 Gottingen

364 4376 440 4424 1861.
457 4387 483 4437 p.
501 4377 525 4420 4.
