3144 5460
352 561 468 608 xxxiv
783 559 853 606 LEX
875 557 1081 606 nnlslonurr.

353 765 508 851 originem
531 766 610 855 legia
634 775 731 850 atque
756 787 826 830 eam
851 762 1140 830 additamentorum
1163 761 1362 840 interfueritr
1384 765 1466 847 quis

354 881 418 950 est,
451 882 487 935 ut
519 869 701 956 exemplum
725 891 861 955 ponam,
886 869 943 956 qui
967 868 1139 948 concedat,
1163 866 1293 932 titulum
1317 868 1465 954 primum

354 987 387 1040 et
419 977 567 1067 quintum
600 973 758 1040 decimum
790 973 904 1040 eodem
935 995 1018 1040 anno
1052 982 1240 1060 conceptum
1266 995 1351 1053 ease,
1376 996 1465 1060 quo-

353 1103 426 1146 rum
456 1081 511 1148 ilie
542 1079 758 1168 weregeldum
791 1080 852 1148 viri
887 1079 978 1146 liberi
1024 1071 1088 1162 53}
1128 1076 1254 1159 solidis,
1289 1079 1343 1144 hio
1379 1102 1464 1146 vero

356 1187 423 1251 106
450 1187 558 1252 solidis
581 1186 768 1252 aestimavit.

399 1288 595 1359 Aoouratius
630 1303 739 1358 autem
774 1311 1003 1379 cognoscamus
1038 1290 1089 1356 ius
1125 1288 1221 1368 illud,
1257 1290 1345 1376 quod
1375 1291 1464 1355 inest

354 1396 502 1486 capitulis
533 1398 614 1486 legis
647 1397 859 1476 enumeratie3
893 1394 926 1460 id
959 1417 1138 1483 congruere
1161 1394 1203 1460 ad
1227 1417 1346 1464 aunum
1373 1396 1465 1476 785,

355 1523 419 1586 quo
458 1501 565 1567 Frisia
604 1501 782 1578 orientalis,
824 1501 856 1564 in
896 1501 936 1564 iis
977 1501 1159 1588 saepissime
1195 1512 1463 1582 commemorata,

353 1629 454 1694 regno
477 1605 679 1672 Francorum
702 1605 932 1685 subiiceretur,
955 1606 1109 1692 exemplis
1131 1604 1273 1672 affirmoz

400 1841 431 1886 a·
479 1815 612 1882 Bannue
653 1816 697 1881 60
738 1815 930 1894 solidorum,
968 1837 1064 1901 quem
1099 1815 1212 1880 dieunt
1246 1815 1389 1903 regium,
1424 1818 1462 1882 in

354 1921 427 2010 lege
458 1921 642 1989 Frisionum
667 1921 889 2007 antiquissima
911 1942 1077 2006 nunquam
1099 1930 1321 2007 nuncupatus,
1344 1944 1464 1994 oecur-

353 2027 397 2092 rit
431 2028 464 2092 iu
499 2026 649 2112 capitulis
685 2028 705 2092 8
744 2037 777 2090 et
810 2025 829 2090 9
855 2025 942 2092 tituli
965 2023 1021 2090 III
1045 2035 1078 2090 et
1102 2027 1134 2090 in
1158 2025 1299 2112 capitulo
1326 2029 1345 2091 7
1369 2028 1463 2093 tituli

353 2129 462 2209 XIV,
502 2153 586 2216 quae
626 2129 666 2195 ad
709 2129 847 2196 Frisium
882 2130 1068 2196 orientalem
1102 2133 1273 2217 pertinent.
1331 2131 1465 2200 Eodem

355 2246 498 2322 tempore
529 2236 653 2302 bannus
684 2235 793 2323 regius
826 2258 845 2300 a
876 2233 999 2300 Karolo
1031 2234 1155 2323 Magno
1186 2237 1220 2302 in
1244 2233 1385 2302 Saxonia
1408 2240 1464 2304 in-

354 2341 523 2408 troductue
555 2353 621 2418 est3
654 2340 799 2406 conferas
832 2337 1019 2426 Gapitulare
1052 2339 1092 2406 da
1124 2341 1270 2428 partibus
1299 2341 1463 2408 Senoniae

357 2469 440 2512 anno
465 2447 531 2513 785
557 2447 669 2512 datum
693 2445 762 2533 (vel
785 2444 882 2532 paulo
907 2455 1012 2524 antea,
1035 2443 1111 2510 vide
1130 2443 1241 2512 Waitz
1256 2445 1356 2513 Dent.
1371 2447 1464 2515 Ver-

353 2551 426 2615 fase.
463 2549 508 2618 G.
541 2550 610 2617 111.
645 2574 678 2637 p.
710 2550 793 2634 123)
826 2551 860 2614 in
896 2550 1036 2638 capitulo
1068 2552 1132 2617 242
1162 2565 1299 2618 noeman
1323 2557 1463 2620 bannum

321 2703 326 2716 .
354 2655 468 2737 solvat,
499 2656 589 2722 Mon.
623 2652 664 2722 G.
693 2655 766 2720 LL.
789 2653 818 2720 I.
841 2678 872 2741 p.
900 2657 984 2734 142,
1008 2655 1191 2722 oonf.'ibid.
1215 2679 1285 2745 cap.
1311 2659 1462 2732 19-21.

357 2761 401 2827 25
438 2772 470 2827 et
508 2763 570 2828 31:
607 2764 744 2828 dedimus
774 2773 958 2848 potestatem
993 2762 1150 2828 comitibus
1186 2765 1320 2830 bannum
1342 2768 1463 2832 minero

355 2869 442 2954 infra
464 2891 518 2932 auo
541 2871 708 2934 ministerio
733 2869 770 2932 de
783 2871 885 2953 faida
908 2868 956 2934 vel
977 2869 1149 2936 maiorihue
1172 2873 1271 2936 cauare
1293 2873 1463 2938 insolidos

357 2971 418 3046 603
443 2973 481 3037 de
503 2974 672 3036 mucoribus
697 2994 767 3038 vero
793 2975 892 3036 caurio
916 2974 1032 3038 comior
1055 2975 1191 3039 bannum
1213 2977 1247 3040 in
1269 2977 1384 3043 solidor
1414 2979 1459 3044 15

357 3078 577 3155 constituimur,
608 3075 698 3142 Mon.
731 3073 773 3141 G.
797 3075 869 3140 LI..
893 3074 920 3140 I.
944 3099 976 3163 p.
1001 3075 1065 3156 503
1090 3087 1122 3144 et
1146 3075 1333 3165 Capitulara
1357 3079 1462 3149 Saxo-

356 3180 464 3244 nicum
495 3182 571 3246 anni
596 3183 662 3246 797
673 3205 682 3245 r
705 3194 740 3246 ur
763 3183 801 3247 de
825 3182 892 3246 illia
916 3184 1082 3268 capitulio,
1102 3206 1165 3268 pro
1190 3187 1298 3268 quibus
1322 3185 1460 3268 Franci,

356 3287 385 3348 ei
419 3288 500 3373 πρῖε
536 3289 671 3354 bannum
706 3288 890 3372 tronayreaei
923 3299 1011 3365 saar,
1046 3288 1161 3358 solidor
1190 3289 1461 3377 menaporum,

356 3393 502 3457 semiliter
534 3393 672 3459 Sauonea
710 3394 843 3472 noluerit,
876 3394 906 3456 ai
940 3392 1056 3458 aliearbi
1089 3405 1195 3459 eontra
1233 3396 1317 3482 ipma
1342 3400 1461 3466 hannon
1554 3437 1555 3460 2

351 3498 497 3574 fecerint,
519 3494 611 3561 Mon.
636 3494 828 3562 G.L1..1.
852 3519 883 3582 p.
910 3495 962 3561 75.

402 3705 438 3790 β.
485 3703 721 3794 Weregeldum
745 3713 802 3770 aut
832 3702 960 3770 fredum
983 3707 1094 3772 novies
1118 3719 1289 3797 sumptum,
1313 3711 1379 3800 legi
1402 3735 1462 3778 an.

356 3810 552 3898 tiquissimae
577 3812 673 3898 plane
696 3810 854 3890 alienum,
878 3833 918 3876 ex
941 3810 1011 3894 iure
1035 3813 1248 3899 capitulorum
1280 3838 1363 3902 quae
1388 3820 1463 3888 lau-

358 3915 449 3996 davi,
473 3917 523 3984 his
546 3917 581 3982 in
605 3915 790 3982 criminibus
814 3912 1003 3988 solvendum
1027 3925 1082 3981 est.

449 4129 498 4193 rit.
534 4123 624 4192 VII:
661 4126 701 4191 Si
735 4128 805 4212 quie
841 4126 964 4190 domum
996 4125 1126 4192 alteriue
1149 4131 1400 4212 incenderit...‚
1425 4139 1463 4202 in

355 4233 451 4321 duplo
493 4245 675 4319 componam
709 4234 739 4296 si
774 4220 875 4296 aurem
911 4233 1069 4298 dominum
1106 4236 1213 4300 domae
1239 4238 1385 4322 flammis
1422 4265 1463 4308 ea·

356 4329 429 4411 ipsa
461 4328 549 4392 domo
582 4328 688 4411 eqreda'
718 4322 881 4412 compulit,
914 4337 942 4390 et
969 4346 1121 4412 cyreneum
1145 4331 1274 4410 oooidit,
1298 4349 1464 4422 conponat
