3156 5464
535 532 652 596 Inous
673 533 813 596 Rsnuu.
1169 492 1229 593 ni

169 729 265 785 russi
287 727 397 802 aquuid
426 727 541 784 sustulit
571 727 624 791 IX,
656 727 707 789 l7;
728 730 752 784 si
772 748 870 786 servus
895 731 925 785 in
955 729 1059 805 pignus
1086 735 1230 802 susceptus

167 819 286 894 aliquod
307 819 447 874 damnum
470 818 569 874 fecerit
590 819 681 874 Add.
701 818 786 882 VIII,
809 819 833 876 l.
854 819 883 876 2.
914 821 941 895 c)
962 819 993 876 Si
1020 836 1117 874 sersus
1137 815 1231 871 dorni·

167 927 240 965 num
261 927 344 963 suum
365 907 552 971 interfecerit,
571 907 719 964 tormentis
738 909 932 965 interficiatur
951 907 1015 969 XX,
1034 907 1069 970 33
1091 906 1114 961 si
1133 924 1230 962 servus

166 1017 239 1074 opus
268 997 371 1054 servile
401 996 448 1053 die
468 997 611 1053 dominico
639 997 748 1062 fecerit,
777 999 928 1074 vapuletur
948 996 1057 1054 XVIII.
1077 996 1114 1058 2,
1134 1013 1232 1050 serrus

165 1088 238 1143 furti
270 1105 335 1142 reus
363 1086 487 1161 vapulet,
508 1087 563 1142 uisi
584 1086 718 1142 dominus
738 1089 848 1143 corium
869 1089 930 1144 eius
950 1085 1091 1143 redimere
1111 1082 1231 1140 soluerit

166 1175 226 1240 ΙΠ,
253 1175 291 1240 7,
323 1175 347 1230 si
377 1175 442 1249 quis
461 1194 588 1239 serrum,
608 1176 752 1232 caballum
774 1177 873 1232 bovem
895 1185 947 1234 etc.
970 1175 1020 1232 alii
1041 1175 1079 1231 ad
1098 1173 1231 1229 auferen-

166 1265 239 1320 dum
267 1264 428 1340 exposuerit
456 1263 498 1328 II,
530 1264 626 1328 ll3si
646 1283 754 1329 servus,
773 1275 822 1322 aut
842 1286 945 1341 equus,
965 1274 1015 1322 aul
1036 1265 1086 1320 bos
1106 1272 1157 1320 stc.
1179 1262 1231 1318 do-

166 1355 281 1410 minum
312 1372 395 1410 suum
426 1353 500 1428 fugit
519 1351 607 1411 Adit.
628 1353 696 1417 VII,
720 1355 753 1416 la
774 1355 797 1409 si
817 1355 882 1430 quis
901 1356 933 1409 in
953 1355 1057 1429 pignus
1077 1351 1230 1426 susceperit

166 1451 218 1499 a-ut
248 1461 372 1506 serrum,
403 1449 452 1498 aut
473 1461 580 1516 equum
609 1450 661 1499 oto.
691 1442 775 1507 VIII,
810 1444 834 1500 l.
855 1441 883 1502 2.
907 1442 953 1516 (Is.
975 1442 1109 1498 dominns
1128 1443 1182 1498 sud
1201 1459 1229 1496 o.

165 1532 314 1594 dominos,
333 1540 360 1587 et
381 1533 448 1588 uide
467 1531 585 1596 ancilla,
606 1532 795 1608 mancipium.

126 1623 322 1698 signares
351 1621 443 1696 signet
473 1621 555 1696 signo
585 1640 636 1676 sno
665 1630 764 1677 tenum
784 1621 863 1686 XIV,
886 1621 918 1684 l;
938 1639 1022 1678 cruce
1041 1623 1170 1698 signatus
1190 1627 1232 1675 te·

168 1729 223 1766 uus
242 1709 322 1775 XIV,
344 1711 369 1766 l.
391 1709 438 1784 Os.
457 1729 527 1766 sors

126 1802 315 1876 signnmr
342 1800 434 1877 signet
461 1800 542 1875 signo
572 1819 624 1856 sno
645 1809 754 1856 tenum
774 1799 855 1864 XIV,
878 1801 913 1863 13
934 1800 1015 1874 signo
1036 1799 1128 1854 crucis
1147 1797 1233 1853 inno·

168 1899 247 1946 tatur
276 1899 360 1946 lenus
389 1888 470 1954 XIV,
504 1889 527 1946 l.
555 1889 587 1953 23
612 1889 681 1946 dens
701 1889 825 1946 evidenti
845 1890 928 1966 signo
947 1887 1088 1952 ostendat,
1107 1887 1157 1962 qni
1179 1895 1234 1943 eto.

126 2067 310 2124 similist
331 2069 355 2122 si
374 2066 439 2141 quis
459 2066 570 2142 aliquid
589 2066 751 2131 abstulerit,
770 2075 820 2122 sut
840 2065 946 2142 ipsum,
966 2073 1015 2122 ant
1036 2063 1116 2121 alind
1137 2064 1231 2121 similo

165 2157 199 2212 in
231 2156 324 2212 locum
355 2157 485 2210 restituat
513 2153 565 2218 IX,
597 2153 650 2217 lla
680 2153 780 2210 reddat
808 2162 858 2210 aut
887 2153 982 2229 ipsum
1010 2153 1087 2228 qnod
1109 2153 1232 2228 suscepit

165 2244 291 2320 (animal
311 2243 447 2318 lugiens),
465 2253 515 2299 ant
535 2243 615 2299 alind
635 2244 739 2306 simile,
758 2243 802 2300 rel
822 2246 948 2318 pretium
968 2243 1029 2299 eius
1050 2240 1138 2299 And.
1160 2240 1231 2305 Vll,

169 2334 196 2390 l.
221 2333 268 2406 Cf.
287 2333 409 2389 furtum.

125 2421 323 2496 simplns=
353 2422 385 2493 a)
416 2421 447 2476 in
477 2420 580 2496 simplo
610 2420 681 2476 furti
710 2421 943 2496 compositionem
974 2419 1100 2476 exsolvat
1119 2418 1174 2482 Ill,
1194 2419 1231 2484 83

166 2521 249 2568 trans
277 2511 404 2568 Lanbaoi
425 2510 457 2566 in
477 2510 581 2586 simplo
601 2521 752 2586 componat
772 2512 836 2586 (qui
857 2531 918 2567 rem
940 2511 965 2566 ri
986 2511 1128 2586 rapuerit)
1146 2509 1230 2575 VIII,

168 2600 208 2664 1;
236 2600 312 2656 ultra
341 2599 488 2656 Lnubnohi
509 2599 646 2655 damnum
670 2600 771 2673 (manu
791 2600 908 2656 collecta
928 2599 1056 2672 illatum)
1076 2600 1107 2654 in
1127 2600 1233 2675 simplo

166 2690 338 2746 emendetur
369 2688 464 2752 XVII,
500 2687 536 2746 ta
563 2689 640 2744 inter
659 2687 804 2744 Wisaram
824 2698 851 2744 et
872 2687 1020 2744 Laubachi
1040 2696 1099 2742 tota
1119 2706 1235 2762 compo-

166 2778 232 2834 sitio
264 2779 293 2833 in
314 2778 417 2852 simplo
437 2777 608 2852 persolvitur
628 2774 716 2833 Add.
737 2777 793 2840 ΙΙΙ,
812 2775 870 2840 68,
891 2777 921 2832 in
942 2776 1045 2850 simplo
1065 2794 1234 2851 componere

167 2867 311 2923 indicetur
341 2868 353 2939 (
381 2867 404 2921 si
433 2864 541 2922 animal
572 2866 682 2921 homini
704 2865 807 2922 vulnus
827 2865 969 2936 intulerit)
990 2865 1080 2921 Actu.
1101 2864 1157 2929 ΙΙΙ,
1178 2865 1234 2930 68;

167 2959 200 3012 in
232 2956 335 3029 simplo
366 2965 555 3030 componatur
587 2953 624 3028 (si
655 2972 720 3009 casu
753 2955 841 3010 telum
872 2953 1005 3010 inciderit
1023 2972 1110 3029 super
1129 2953 1234 3030 alium)

168 3046 260 3102 Adri.
282 3044 337 3108 ΙΙΙ,
357 3044 403 3101 69.
436 3047 464 3118 b)
488 3044 626 3100 llominns
649 3043 783 3099 mulctam
803 3045 878 3101 servi
899 3045 963 3121 (qni
983 3045 1124 3100 nesciente
1143 3044 1236 3101 domi-

168 3153 209 3190 no
239 3134 328 3189 aliurn
359 3134 505 3204 occiderit)
534 3153 587 3208 pro
607 3152 650 3195 eo,
670 3134 714 3189 bis
733 3134 881 3208 simplum,
900 3143 1052 3209 componat
1074 3133 1098 3196 l,
1119 3134 1162 3190 13.
1187 3132 1234 3209 (Is.

167 3224 203 3279 in
233 3223 333 3296 duplo,
362 3223 393 3277 in
422 3222 519 3298 triplo,
551 3231 579 3278 et
598 3222 693 3278 novies
713 3241 883 3297 componore
903 3223 1081 3292 (emendare)
1101 3225 1155 3278 sud
1174 3242 1235 3280 noc.

168 3312 292 3386 duplum
312 3319 341 3366 et
361 3311 415 3374 bis,
437 3311 555 3385 triplum
575 3320 603 3367 et
624 3321 677 3373 ter,
697 3311 802 3367 novies.
834 3312 861 3383 c)
883 3311 955 3366 llaec
974 3318 1014 3364 ost
1035 3310 1137 3385 simpla
1158 3329 1235 3367 oom-

167 3400 271 3476 positic
290 3400 325 3455 de
345 3399 505 3455 homicidiis
525 3398 551 3462 I,
570 3402 679 3464 insci-„⁶
697 3398 773 3454 inter
793 3396 875 3455 Flelri
895 3407 923 3454 et
943 3397 1103 3455 Sincfnlam
1129 3399 1234 3455 nobilis

169 3491 257 3546 homo
288 3486 360 3563 1063,
387 3486 485 3550 solidis
513 3487 619 3562 simpla
639 3487 841 3566 compositione
860 3487 979 3544 solvitur
999 3485 1087 3546 And.
1109 3487 1166 3552 ΙΙΙ,
1186 3486 1233 3546 58.

127 3666 320 3726 smelido:
349 3666 372 3722 si
393 3666 543 3722 bracthm
565 3674 615 3721 aut
634 3683 699 3722 crus
718 3685 753 3722 ex
773 3667 835 3742 ipsa
854 3666 1038 3741 percussione
1058 3665 1237 3730 decrescorit,

170 3756 248 3830 quod
268 3754 387 3810 sinalido
407 3755 505 3811 dicunt
525 3753 612 3813 Adri.
633 3754 688 3819 III,
709 3754 754 3812 35.
779 3754 825 3828 Os.
844 3755 1030 3824 decrescere.¹

128 3844 282 3902 smolos
313 3843 337 3899 si
368 3844 499 3916 (vulnus)
529 3843 607 3918 qnod
629 3851 728 3900 vocant
747 3843 847 3906 smelo,
869 3844 921 3898 hoc
939 3852 980 3898 est
1000 3842 1087 3899 unius
1107 3861 1237 3917 spannae

169 3932 383 4008 longitudinem
405 3933 538 3989 habuerit
557 3931 645 3988 Add.
668 3931 723 3995 ΙΙΙ,
743 3931 790 3988 56.
813 3930 860 4005 Cf.
880 3931 1039 4008 longitudo.

67 4029 69 4033 '
129 4021 319 4080 solidus:
353 4022 379 4097 l)
412 4021 636 4077 lsolidus=3
656 4019 850 4077 denarii=3
871 4021 1023 4085 tremisses,
1043 4023 1080 4094 of.
1101 4019 1238 4076 denarius

172 4119 201 4167 et
229 4111 374 4168 tremissis.
412 4111 442 4186 2)
474 4110 485 4165 Ι
517 4110 685 4166 solidus:
704 4109 741 4188 ἐξ,
770 4109 855 4165 uncia
873 4111 961 4186 :2¹3J
982 4109 1070 4172 libra,
1089 4113 1128 4183 of.
1149 4109 1236 4167 libra.

172 4198 204 4274 3)
234 4197 308 4256 duae
339 4207 433 4275 partes
462 4199 546 4255 solidi
567 4201 601 4267 (i.
622 4217 645 4256 e.
667 4199 678 4274 ζ
701 4195 868 4254 sotiuzt
888 4197 1001 4269 denar.)
1022 4198 1112 4256 Adri.
1132 4195 1186 4262 ΙΙΙ,
1207 4197 1235 4256 Ι.

174 4287 316 4345 Dimidios
345 4289 453 4344 solidus
483 4287 507 4352 I,
538 4286 581 4346 10.
612 4286 710 4351 XXII,
729 4285 757 4344 3,
777 4285 866 4344 Ado.
895 4284 936 4350 II,
955 4285 982 4344 3.
1003 4284 1032 4344 5.
1063 4285 1118 4352 IV,
1138 4287 1172 4352 13
1193 4291 1232 4362 cs.

173 4377 296 4434 semissis
345 4375 453 4452 Quarta
472 4397 539 4453 pars
558 4377 642 4434 solidi
663 4377 752 4434 And.
775 4374 829 4441 ΙΙΙ,
847 4373 874 4432 2.
