<?xml version="1.0" encoding="UTF-8"?>
<!DOCTYPE html PUBLIC "-//W3C//DTD XHTML 1.0 Transitional//EN"
    "http://www.w3.org/TR/xhtml1/DTD/xhtml1-transitional.dtd">
<html xmlns="http://www.w3.org/1999/xhtml" xml:lang="en" lang="en">
 <head>
  <title>
</title>
<meta http-equiv="Content-Type" content="text/html;charset=utf-8" />
  <meta name='ocr-system' content='tesseract 3.04.00' />
  <meta name='ocr-capabilities' content='ocr_page ocr_carea ocr_par ocr_line ocrx_word'/>
</head>
<body>
  <div class='ocr_page' id='page_1' title='image "./delexfrisionumu00saxmgoog_0174.png"; bbox 0 0 3156 5464; ppageno 0'>
   <div class='ocr_carea' id='block_1_1' title="bbox 341 521 1105 648">
    <p class='ocr_par' dir='ltr' id='par_1_1' title="bbox 341 521 1105 648">
     <span class='ocr_line' id='line_1_1' title="bbox 341 521 1105 648; baseline -0.01 0"><span class='ocrx_word' id='word_1_1' title='bbox 341 582 403 648; x_wconf 79' lang='lat'><strong>116</strong></span> <span class='ocrx_word' id='word_1_2' title='bbox 610 521 614 526; x_wconf 21' lang='grc' dir='ltr'>Ι</span> <span class='ocrx_word' id='word_1_3' title='bbox 663 576 757 641; x_wconf 82' lang='lat' dir='ltr'><strong>Ana.</strong></span> <span class='ocrx_word' id='word_1_4' title='bbox 778 573 859 640; x_wconf 62' lang='lat' dir='ltr'><strong>Sale</strong></span> <span class='ocrx_word' id='word_1_5' title='bbox 901 572 930 637; x_wconf 83' lang='grc' dir='ltr'>Τ</span> <span class='ocrx_word' id='word_1_6' title='bbox 953 571 1105 640; x_wconf 84' lang='lat' dir='ltr'><strong>rr.X1.</strong></span> 
     </span>
    </p>
   </div>
   <div class='ocr_carea' id='block_1_2' title="bbox 268 765 1449 1556">
    <p class='ocr_par' dir='ltr' id='par_1_2' title="bbox 268 765 1448 1380">
     <span class='ocr_line' id='line_1_2' title="bbox 341 765 1448 842; baseline -0.006 -9"><span class='ocrx_word' id='word_1_7' title='bbox 341 794 461 834; x_wconf 83' lang='lat' dir='ltr'><strong>manere</strong></span> <span class='ocrx_word' id='word_1_8' title='bbox 491 774 630 836; x_wconf 75' lang='lat' dir='ltr'><strong>onirocrit.</strong></span> <span class='ocrx_word' id='word_1_9' title='bbox 659 779 753 828; x_wconf 84' lang='lat' dir='ltr'><strong>morte</strong></span> <span class='ocrx_word' id='word_1_10' title='bbox 781 771 958 835; x_wconf 64' lang='lat' dir='ltr'><strong>mariarum</strong></span> <span class='ocrx_word' id='word_1_11' title='bbox 976 777 1004 825; x_wconf 80' lang='lat' dir='ltr'><strong>et</strong></span> <span class='ocrx_word' id='word_1_12' title='bbox 1024 771 1053 825; x_wconf 81' lang='lat' dir='ltr'><strong>ei</strong></span> <span class='ocrx_word' id='word_1_13' title='bbox 1072 769 1141 842; x_wconf 83' lang='lat' dir='ltr'><strong>quis</strong></span> <span class='ocrx_word' id='word_1_14' title='bbox 1160 768 1307 824; x_wconf 80' lang='lat' dir='ltr'><strong>iamnirsem</strong></span> <span class='ocrx_word' id='word_1_15' title='bbox 1325 765 1448 826; x_wconf 79' lang='lat' dir='ltr'><strong>diabolo</strong></span> 
     </span>
     <span class='ocr_line' id='line_1_3' title="bbox 342 857 1446 938; baseline -0.005 -17"><span class='ocrx_word' id='word_1_16' title='bbox 342 865 576 938; x_wconf 76' lang='lat' dir='ltr'><strong>sacrificaverit,</strong></span> <span class='ocrx_word' id='word_1_17' title='bbox 603 870 631 917; x_wconf 82' lang='lat' dir='ltr'><strong>et</strong></span> <span class='ocrx_word' id='word_1_18' title='bbox 662 863 695 917; x_wconf 80' lang='lat' dir='ltr'><strong>ira</strong></span> <span class='ocrx_word' id='word_1_19' title='bbox 723 861 852 917; x_wconf 74' lang='lat' dir='ltr'><strong>hostiam</strong></span> <span class='ocrx_word' id='word_1_20' title='bbox 880 876 960 924; x_wconf 70' lang='lat' dir='ltr'><strong>more</strong></span> <span class='ocrx_word' id='word_1_21' title='bbox 974 876 1168 936; x_wconf 70' lang='lat' dir='ltr'><strong>papauerum</strong></span> <span class='ocrx_word' id='word_1_22' title='bbox 1187 857 1381 914; x_wconf 79' lang='lat' dir='ltr'><strong>daemonibus</strong></span> <span class='ocrx_word' id='word_1_23' title='bbox 1399 861 1446 915; x_wconf 79' lang='lat' dir='ltr'><strong>ob·</strong></span> 
     </span>
     <span class='ocr_line' id='line_1_4' title="bbox 343 944 1446 1021; baseline -0.005 -12"><span class='ocrx_word' id='word_1_24' title='bbox 343 955 461 1016; x_wconf 65' lang='lat' dir='ltr'><strong>troierit,</strong></span> <span class='ocrx_word' id='word_1_25' title='bbox 489 959 583 1008; x_wconf 78' lang='lat' dir='ltr'><strong>morte</strong></span> <span class='ocrx_word' id='word_1_26' title='bbox 614 953 777 1007; x_wconf 82' lang='lat' dir='ltr'><strong>moriatur.</strong></span> <span class='ocrx_word' id='word_1_27' title='bbox 815 945 895 1004; x_wconf 85' lang='lat' dir='ltr'><strong>Mon.</strong></span> <span class='ocrx_word' id='word_1_28' title='bbox 915 945 948 1004; x_wconf 86' lang='lat' dir='ltr'><strong>G.</strong></span> <span class='ocrx_word' id='word_1_29' title='bbox 968 944 1026 1002; x_wconf 90' lang='lat' dir='ltr'><strong>LL.</strong></span> <span class='ocrx_word' id='word_1_30' title='bbox 1049 944 1073 1003; x_wconf 90' lang='lat' dir='ltr'><strong>l.</strong></span> <span class='ocrx_word' id='word_1_31' title='bbox 1092 965 1123 1021; x_wconf 92' lang='lat' dir='ltr'><strong>p.</strong></span> <span class='ocrx_word' id='word_1_32' title='bbox 1144 944 1191 1003; x_wconf 74' lang='lat'><strong>¹19.</strong></span> <span class='ocrx_word' id='word_1_33' title='bbox 1231 944 1328 1003; x_wconf 80' lang='lat' dir='ltr'><strong>Verba</strong></span> <span class='ocrx_word' id='word_1_34' title='bbox 1348 955 1446 1003; x_wconf 86' lang='lat' dir='ltr'><strong>autem</strong></span> 
     </span>
     <span class='ocr_line' id='line_1_5' title="bbox 341 1033 1447 1114; baseline -0.005 -17"><span class='ocrx_word' id='word_1_35' title='bbox 341 1040 419 1097; x_wconf 90' lang='lat' dir='ltr'><strong>tituli</strong></span> <span class='ocrx_word' id='word_1_36' title='bbox 440 1033 482 1096; x_wconf 86' lang='lat' dir='ltr'><strong>XI</strong></span> <span class='ocrx_word' id='word_1_37' title='bbox 502 1039 572 1114; x_wconf 76' lang='lat' dir='ltr'><strong>legis</strong></span> <span class='ocrx_word' id='word_1_38' title='bbox 592 1036 664 1096; x_wconf 76' lang='lat' dir='ltr'><strong>itm.</strong></span> <span class='ocrx_word' id='word_1_39' title='bbox 684 1037 726 1093; x_wconf 89' lang='lat' dir='ltr'><strong>ita</strong></span> <span class='ocrx_word' id='word_1_40' title='bbox 744 1043 812 1092; x_wconf 91' lang='lat' dir='ltr'><strong>sunt</strong></span> <span class='ocrx_word' id='word_1_41' title='bbox 830 1034 920 1110; x_wconf 87' lang='lat' dir='ltr'><strong>plana</strong></span> <span class='ocrx_word' id='word_1_42' title='bbox 938 1053 972 1091; x_wconf 91' lang='lat' dir='ltr'><strong>ac</strong></span> <span class='ocrx_word' id='word_1_43' title='bbox 991 1033 1131 1097; x_wconf 85' lang='lat' dir='ltr'><strong>dilucida,</strong></span> <span class='ocrx_word' id='word_1_44' title='bbox 1149 1042 1180 1090; x_wconf 92' lang='lat' dir='ltr'><strong>nt</strong></span> <span class='ocrx_word' id='word_1_45' title='bbox 1198 1052 1298 1091; x_wconf 87' lang='lat' dir='ltr'><strong>omnes</strong></span> <span class='ocrx_word' id='word_1_46' title='bbox 1318 1035 1447 1092; x_wconf 82' lang='lat' dir='ltr'><strong>virorum</strong></span> 
     </span>
     <span class='ocr_line' id='line_1_6' title="bbox 341 1122 1446 1202; baseline -0.005 -16"><span class='ocrx_word' id='word_1_47' title='bbox 341 1130 492 1186; x_wconf 86' lang='lat' dir='ltr'><strong>doctorum</strong></span> <span class='ocrx_word' id='word_1_48' title='bbox 511 1126 770 1202; x_wconf 74' lang='lat' dir='ltr'><strong>interpretationes.</strong></span> <span class='ocrx_word' id='word_1_49' title='bbox 789 1124 896 1200; x_wconf 89' lang='lat' dir='ltr'><strong>quibus</strong></span> <span class='ocrx_word' id='word_1_50' title='bbox 914 1122 1154 1199; x_wconf 77' lang='lat' dir='ltr'><strong>significationem</strong></span> <span class='ocrx_word' id='word_1_51' title='bbox 1173 1141 1273 1179; x_wconf 90' lang='lat' dir='ltr'><strong>eorum</strong></span> <span class='ocrx_word' id='word_1_52' title='bbox 1296 1125 1446 1201; x_wconf 85' lang='lat' dir='ltr'>propriam</span> 
     </span>
     <span class='ocr_line' id='line_1_7' title="bbox 340 1211 1447 1286; baseline -0.004 -12"><span class='ocrx_word' id='word_1_53' title='bbox 340 1226 503 1280; x_wconf 52' lang='lat' dir='ltr'><strong>removent«</strong></span> <span class='ocrx_word' id='word_1_54' title='bbox 530 1215 616 1271; x_wconf 89' lang='lat' dir='ltr'><strong>nimis</strong></span> <span class='ocrx_word' id='word_1_55' title='bbox 643 1213 761 1270; x_wconf 86' lang='lat' dir='ltr'><strong>callidas</strong></span> <span class='ocrx_word' id='word_1_56' title='bbox 789 1213 901 1277; x_wconf 83' lang='lat' dir='ltr'><strong>dicam3</strong></span> <span class='ocrx_word' id='word_1_57' title='bbox 929 1212 1004 1269; x_wconf 86' lang='lat' dir='ltr'><strong>conf.</strong></span> <span class='ocrx_word' id='word_1_58' title='bbox 1034 1230 1122 1286; x_wconf 86' lang='lat' dir='ltr'><strong>quam</strong></span> <span class='ocrx_word' id='word_1_59' title='bbox 1145 1211 1294 1268; x_wconf 84' lang='lat' dir='ltr'><strong>rarborem</strong></span> <span class='ocrx_word' id='word_1_60' title='bbox 1313 1213 1447 1271; x_wconf 89' lang='lat' dir='ltr'><strong>laudato-</strong></span> 
     </span>
     <span class='ocr_line' id='line_1_8' title="bbox 268 1299 1447 1380; baseline -0.002 -18"><span class='ocrx_word' id='word_1_61' title='bbox 268 1325 274 1338; x_wconf 88' lang='lat'><strong>·</strong></span> <span class='ocrx_word' id='word_1_62' title='bbox 308 1356 310 1360; x_wconf 95' lang='lat'><em>.</em></span> <span class='ocrx_word' id='word_1_63' title='bbox 340 1325 407 1362; x_wconf 87' lang='lat' dir='ltr'><strong>rum</strong></span> <span class='ocrx_word' id='word_1_64' title='bbox 436 1305 702 1380; x_wconf 80' lang='lat' dir='ltr'><strong>interpretationem</strong></span> <span class='ocrx_word' id='word_1_65' title='bbox 733 1300 882 1378; x_wconf 83' lang='lat' dir='ltr'><strong>proposuit</strong></span> <span class='ocrx_word' id='word_1_66' title='bbox 909 1299 1031 1358; x_wconf 87' lang='lat' dir='ltr'><strong>Wiarda</strong></span> <span class='ocrx_word' id='word_1_67' title='bbox 1058 1299 1090 1356; x_wconf 89' lang='lat' dir='ltr'><strong>in</strong></span> <span class='ocrx_word' id='word_1_68' title='bbox 1119 1299 1288 1376; x_wconf 76' lang='lat' dir='ltr'><strong>Asegabuch</strong></span> <span class='ocrx_word' id='word_1_69' title='bbox 1307 1321 1338 1378; x_wconf 89' lang='lat' dir='ltr'><strong>p.</strong></span> <span class='ocrx_word' id='word_1_70' title='bbox 1360 1301 1447 1360; x_wconf 74' lang='lat' dir='ltr'><strong>Xer</strong></span> 
     </span>
    </p>

    <p class='ocr_par' dir='ltr' id='par_1_3' title="bbox 309 1382 1449 1556">
     <span class='ocr_line' id='line_1_9' title="bbox 309 1382 1448 1466; baseline -0.002 -14"><span class='ocrx_word' id='word_1_71' title='bbox 309 1382 312 1388; x_wconf 40' lang='lat'>⁵</span> <span class='ocrx_word' id='word_1_72' title='bbox 340 1394 399 1452; x_wconf 76' lang='lat' dir='ltr'><strong>Ite</strong></span> <span class='ocrx_word' id='word_1_73' title='bbox 429 1395 530 1450; x_wconf 79' lang='lat' dir='ltr'><strong>beiden</strong></span> <span class='ocrx_word' id='word_1_74' title='bbox 561 1391 716 1466; x_wconf 82' lang='lat' dir='ltr'><strong>Sapientes</strong></span> <span class='ocrx_word' id='word_1_75' title='bbox 735 1391 856 1466; x_wconf 82' lang='lat' dir='ltr'><strong>jandan</strong></span> <span class='ocrx_word' id='word_1_76' title='bbox 875 1391 922 1446; x_wconf 81' lang='lat' dir='ltr'><strong>bei</strong></span> <span class='ocrx_word' id='word_1_77' title='bbox 941 1391 1030 1446; x_wconf 77' lang='lat' dir='ltr'><strong>ihren</strong></span> <span class='ocrx_word' id='word_1_78' title='bbox 1049 1388 1345 1464; x_wconf 78' lang='lat' dir='ltr'><strong>Naohsorschemgen</strong></span> <span class='ocrx_word' id='word_1_79' title='bbox 1367 1395 1448 1450; x_wconf 75' lang='lat' dir='ltr'><strong>aeccle</strong></span> 
     </span>
     <span class='ocr_line' id='line_1_10' title="bbox 340 1479 1449 1556; baseline 0 -18"><span class='ocrx_word' id='word_1_80' title='bbox 340 1481 672 1556; x_wconf 76' lang='lat' dir='ltr'><strong>Rechtsgewcltnlteiten</strong></span> <span class='ocrx_word' id='word_1_81' title='bbox 693 1499 756 1545; x_wconf 83' lang='lat' dir='ltr'><strong>vor,</strong></span> <span class='ocrx_word' id='word_1_82' title='bbox 775 1479 826 1535; x_wconf 87' lang='lat' dir='ltr'><strong>die</strong></span> <span class='ocrx_word' id='word_1_83' title='bbox 845 1481 909 1552; x_wconf 77' lang='lat' dir='ltr'><strong>arcs</strong></span> <span class='ocrx_word' id='word_1_84' title='bbox 921 1479 978 1534; x_wconf 86' lang='lat' dir='ltr'><strong>dns</strong></span> <span class='ocrx_word' id='word_1_85' title='bbox 997 1486 1059 1534; x_wconf 86' lang='lat' dir='ltr'><strong>erat</strong></span> <span class='ocrx_word' id='word_1_86' title='bbox 1078 1480 1224 1552; x_wconf 77' lang='lat' dir='ltr'><strong>unldnqst</strong></span> <span class='ocrx_word' id='word_1_87' title='bbox 1246 1481 1449 1554; x_wconf 80' lang='lat' dir='ltr'><strong>ausgelaobene</strong></span> 
     </span>
    </p>
   </div>
   <div class='ocr_carea' id='block_1_3' title="bbox 218 1561 1449 1656">
    <p class='ocr_par' dir='ltr' id='par_1_4' title="bbox 218 1561 1449 1656">
     <span class='ocr_line' id='line_1_11' title="bbox 218 1561 1449 1656; baseline 0 -29"><span class='ocrx_word' id='word_1_88' title='bbox 218 1643 224 1656; x_wconf 32' lang='grc' dir='ltr'>ι</span> <span class='ocrx_word' id='word_1_89' title='bbox 342 1569 546 1627; x_wconf 75' lang='lat' dir='ltr'><strong>Heidentlaum</strong></span> <span class='ocrx_word' id='word_1_90' title='bbox 577 1561 681 1645; x_wconf 77' lang='lat' dir='ltr'><strong>Beaug</strong></span> <span class='ocrx_word' id='word_1_91' title='bbox 709 1571 823 1625; x_wconf 76' lang='lat' dir='ltr'><strong>hatten.</strong></span> <span class='ocrx_word' id='word_1_92' title='bbox 865 1565 915 1624; x_wconf 83' lang='lat' dir='ltr'><strong>lta</strong></span> <span class='ocrx_word' id='word_1_93' title='bbox 934 1568 1005 1623; x_wconf 81' lang='lat' dir='ltr'><strong>aber</strong></span> <span class='ocrx_word' id='word_1_94' title='bbox 1024 1567 1106 1623; x_wconf 79' lang='lat' dir='ltr'><strong>dieas</strong></span> <span class='ocrx_word' id='word_1_95' title='bbox 1124 1568 1201 1623; x_wconf 78' lang='lat' dir='ltr'><strong>nach</strong></span> <span class='ocrx_word' id='word_1_96' title='bbox 1223 1569 1449 1643; x_wconf 75' lang='lat' dir='ltr'><strong>eingesiihrtem</strong></span> 
     </span>
    </p>
   </div>
   <div class='ocr_carea' id='block_1_4' title="bbox 342 1653 1467 4494">
    <p class='ocr_par' dir='ltr' id='par_1_5' title="bbox 342 1653 1467 4494">
     <span class='ocr_line' id='line_1_12' title="bbox 344 1653 1449 1730; baseline -0.002 -12"><span class='ocrx_word' id='word_1_97' title='bbox 344 1653 572 1718; x_wconf 64' lang='lat' dir='ltr'><strong>Christeatirum</strong></span> <span class='ocrx_word' id='word_1_98' title='bbox 602 1659 685 1714; x_wconf 79' lang='lat' dir='ltr'><strong>lasiae</strong></span> <span class='ocrx_word' id='word_1_99' title='bbox 715 1657 923 1730; x_wconf 77' lang='lat' dir='ltr'><strong>Anaoendunp</strong></span> <span class='ocrx_word' id='word_1_100' title='bbox 952 1657 1036 1713; x_wconf 75' lang='lat' dir='ltr'><strong>misr</strong></span> <span class='ocrx_word' id='word_1_101' title='bbox 1049 1655 1181 1730; x_wconf 74' lang='lat' dir='ltr'><strong>sotadeo,</strong></span> <span class='ocrx_word' id='word_1_102' title='bbox 1207 1674 1238 1711; x_wconf 87' lang='lat' dir='ltr'><strong>so</strong></span> <span class='ocrx_word' id='word_1_103' title='bbox 1249 1660 1386 1730; x_wconf 74' lang='lat' dir='ltr'><strong>sailerten</strong></span> <span class='ocrx_word' id='word_1_104' title='bbox 1405 1662 1449 1716; x_wconf 86' lang='lat' dir='ltr'><strong>sie</strong></span> 
     </span>
     <span class='ocr_line' id='line_1_13' title="bbox 342 1746 1449 1811; baseline -0.002 -6"><span class='ocrx_word' id='word_1_105' title='bbox 342 1769 405 1806; x_wconf 79' lang='lat' dir='ltr'><strong>rtur</strong></span> <span class='ocrx_word' id='word_1_106' title='bbox 433 1751 497 1804; x_wconf 84' lang='lat' dir='ltr'><strong>eine</strong></span> <span class='ocrx_word' id='word_1_107' title='bbox 525 1767 577 1811; x_wconf 77' lang='lat' dir='ltr'><strong>an,</strong></span> <span class='ocrx_word' id='word_1_108' title='bbox 606 1747 673 1803; x_wconf 74' lang='lat' dir='ltr'><strong>rand</strong></span> <span class='ocrx_word' id='word_1_109' title='bbox 699 1754 808 1803; x_wconf 78' lang='lat' dir='ltr'><strong>esteten</strong></span> <span class='ocrx_word' id='word_1_110' title='bbox 839 1747 951 1802; x_wconf 76' lang='lat' dir='ltr'><strong>itinere:</strong></span> <span class='ocrx_word' id='word_1_111' title='bbox 983 1746 1083 1801; x_wconf 77' lang='lat' dir='ltr'><strong>»hacc</strong></span> <span class='ocrx_word' id='word_1_112' title='bbox 1111 1746 1287 1809; x_wconf 74' lang='lat' dir='ltr'><strong>hactenus&#39;’,</strong></span> <span class='ocrx_word' id='word_1_113' title='bbox 1306 1746 1365 1802; x_wconf 81' lang='lat' dir='ltr'><strong>das</strong></span> <span class='ocrx_word' id='word_1_114' title='bbox 1384 1749 1449 1804; x_wconf 68' lang='lat' dir='ltr'><strong>ist:</strong></span> 
     </span>
     <span class='ocr_line' id='line_1_14' title="bbox 343 1831 1450 1908; baseline 0.001 -17"><span class='ocrx_word' id='word_1_115' title='bbox 343 1840 505 1895; x_wconf 77' lang='lat' dir='ltr'><strong>»mehrere</strong></span> <span class='ocrx_word' id='word_1_116' title='bbox 535 1839 640 1893; x_wconf 83' lang='lat' dir='ltr'><strong>wellen</strong></span> <span class='ocrx_word' id='word_1_117' title='bbox 670 1838 733 1892; x_wconf 82' lang='lat' dir='ltr'><strong>wir</strong></span> <span class='ocrx_word' id='word_1_118' title='bbox 763 1836 847 1891; x_wconf 77' lang='lat' dir='ltr'><strong>reiciat</strong></span> <span class='ocrx_word' id='word_1_119' title='bbox 867 1836 1054 1907; x_wconf 78' lang='lat' dir='ltr'><strong>anfiilaren&#39;&#39;.</strong></span> <span class='ocrx_word' id='word_1_120' title='bbox 1094 1831 1130 1888; x_wconf 80' lang='lat' dir='ltr'><strong>lu</strong></span> <span class='ocrx_word' id='word_1_121' title='bbox 1144 1831 1214 1890; x_wconf 82' lang='lat' dir='ltr'><strong>¹ride</strong></span> <span class='ocrx_word' id='word_1_122' title='bbox 1233 1833 1450 1908; x_wconf 89' lang='lat' dir='ltr'><strong>interpretatio-</strong></span> 
     </span>
     <span class='ocr_line' id='line_1_15' title="bbox 342 1919 1448 1999; baseline 0.001 -17"><span class='ocrx_word' id='word_1_123' title='bbox 342 1945 410 1983; x_wconf 86' lang='lat' dir='ltr'><strong>nem</strong></span> <span class='ocrx_word' id='word_1_124' title='bbox 440 1925 587 1984; x_wconf 88' lang='lat' dir='ltr'><strong>riridoct.</strong></span> <span class='ocrx_word' id='word_1_125' title='bbox 608 1923 731 1999; x_wconf 85' lang='lat' dir='ltr'><strong>Phillips</strong></span> <span class='ocrx_word' id='word_1_126' title='bbox 749 1924 781 1979; x_wconf 89' lang='lat' dir='ltr'><strong>in</strong></span> <span class='ocrx_word' id='word_1_127' title='bbox 803 1922 942 1980; x_wconf 85' lang='lat' dir='ltr'><strong>lleutschc</strong></span> <span class='ocrx_word' id='word_1_128' title='bbox 961 1921 1126 1980; x_wconf 85' lang='lat' dir='ltr'><strong>Geschichtc</strong></span> <span class='ocrx_word' id='word_1_129' title='bbox 1152 1919 1233 1978; x_wconf 79' lang='lat'><strong>1834.</strong></span> <span class='ocrx_word' id='word_1_130' title='bbox 1255 1921 1293 1980; x_wconf 87' lang='lat' dir='ltr'><strong>ll.</strong></span> <span class='ocrx_word' id='word_1_131' title='bbox 1315 1943 1346 1999; x_wconf 85' lang='lat' dir='ltr'><strong>p.</strong></span> <span class='ocrx_word' id='word_1_132' title='bbox 1368 1923 1448 1982; x_wconf 73' lang='lat'>2832</span> 
     </span>
     <span class='ocr_line' id='line_1_16' title="bbox 343 2005 1450 2089; baseline 0 -17"><span class='ocrx_word' id='word_1_133' title='bbox 343 2005 390 2072; x_wconf 78' lang='lat' dir='ltr'><strong>Es</strong></span> <span class='ocrx_word' id='word_1_134' title='bbox 419 2032 490 2089; x_wconf 78' lang='lat' dir='ltr'><strong>may</strong></span> <span class='ocrx_word' id='word_1_135' title='bbox 520 2014 588 2070; x_wconf 79' lang='lat' dir='ltr'><strong>hier</strong></span> <span class='ocrx_word' id='word_1_136' title='bbox 617 2016 664 2070; x_wconf 82' lang='lat' dir='ltr'><strong>ein</strong></span> <span class='ocrx_word' id='word_1_137' title='bbox 693 2017 758 2088; x_wconf 78' lang='lat' dir='ltr'><strong>ares</strong></span> <span class='ocrx_word' id='word_1_138' title='bbox 774 2008 925 2086; x_wconf 80' lang='lat' dir='ltr'><strong>poetiser&#39;re</strong></span> <span class='ocrx_word' id='word_1_139' title='bbox 958 2005 1058 2068; x_wconf 80' lang='lat' dir='ltr'><strong>Weiss</strong></span> <span class='ocrx_word' id='word_1_140' title='bbox 1094 2011 1337 2086; x_wconf 78' lang='lat' dir='ltr'><strong>arrsyedriiekter</strong></span> <span class='ocrx_word' id='word_1_141' title='bbox 1367 2017 1450 2072; x_wconf 82' lang='lat' dir='ltr'><strong>atter</strong></span> 
     </span>
     <span class='ocr_line' id='line_1_17' title="bbox 343 2099 1451 2176; baseline 0.001 -16"><span class='ocrx_word' id='word_1_142' title='bbox 343 2102 624 2176; x_wconf 71' lang='lat' dir='ltr'><strong>liechtsgrrmdsata</strong></span> <span class='ocrx_word' id='word_1_143' title='bbox 643 2104 676 2158; x_wconf 81' lang='lat' dir='ltr'><strong>ira</strong></span> <span class='ocrx_word' id='word_1_144' title='bbox 695 2103 752 2159; x_wconf 82' lang='lat' dir='ltr'><strong>der</strong></span> <span class='ocrx_word' id='word_1_145' title='bbox 772 2100 1018 2174; x_wconf 77' lang='lat' dir='ltr'><strong>Vorcrrssetzunp</strong></span> <span class='ocrx_word' id='word_1_146' title='bbox 1038 2100 1105 2156; x_wconf 76' lang='lat' dir='ltr'><strong>trad</strong></span> <span class='ocrx_word' id='word_1_147' title='bbox 1123 2099 1256 2156; x_wconf 80' lang='lat' dir='ltr'><strong>Absickt</strong></span> <span class='ocrx_word' id='word_1_148' title='bbox 1276 2103 1324 2158; x_wconf 85' lang='lat' dir='ltr'><strong>ins</strong></span> <span class='ocrx_word' id='word_1_149' title='bbox 1343 2102 1451 2160; x_wconf 76' lang='lat' dir='ltr'><strong>Latoi-</strong></span> 
     </span>
     <span class='ocr_line' id='line_1_18' title="bbox 342 2187 1450 2268; baseline 0.003 -20"><span class='ocrx_word' id='word_1_150' title='bbox 342 2192 444 2249; x_wconf 75' lang='lat' dir='ltr'><strong>nisolta</strong></span> <span class='ocrx_word' id='word_1_151' title='bbox 473 2193 655 2268; x_wconf 78' lang='lat' dir='ltr'><strong>iibertrcpen</strong></span> <span class='ocrx_word' id='word_1_152' title='bbox 684 2193 758 2254; x_wconf 85' lang='lat' dir='ltr'><strong>sein,</strong></span> <span class='ocrx_word' id='word_1_153' title='bbox 788 2209 841 2246; x_wconf 81' lang='lat' dir='ltr'><strong>um</strong></span> <span class='ocrx_word' id='word_1_154' title='bbox 867 2189 918 2245; x_wconf 84' lang='lat' dir='ltr'><strong>die</strong></span> <span class='ocrx_word' id='word_1_155' title='bbox 937 2187 1117 2261; x_wconf 77' lang='lat' dir='ltr'><strong>Ehrsurclet</strong></span> <span class='ocrx_word' id='word_1_156' title='bbox 1134 2189 1201 2244; x_wconf 80' lang='lat' dir='ltr'><strong>und</strong></span> <span class='ocrx_word' id='word_1_157' title='bbox 1219 2189 1330 2265; x_wconf 76' lang='lat' dir='ltr'><strong>heiliga</strong></span> <span class='ocrx_word' id='word_1_158' title='bbox 1351 2190 1450 2250; x_wconf 71' lang='lat' dir='ltr'><strong>Sotae</strong></span> 
     </span>
     <span class='ocr_line' id='line_1_19' title="bbox 344 2276 1452 2355; baseline 0.002 -19"><span class='ocrx_word' id='word_1_159' title='bbox 344 2297 399 2336; x_wconf 80' lang='lat' dir='ltr'><strong>nor</strong></span> <span class='ocrx_word' id='word_1_160' title='bbox 427 2279 484 2336; x_wconf 86' lang='lat' dir='ltr'><strong>der</strong></span> <span class='ocrx_word' id='word_1_161' title='bbox 513 2278 721 2355; x_wconf 77' lang='lat' dir='ltr'><strong>Eratweilarmp</strong></span> <span class='ocrx_word' id='word_1_162' title='bbox 752 2279 807 2334; x_wconf 84' lang='lat' dir='ltr'><strong>der</strong></span> <span class='ocrx_word' id='word_1_163' title='bbox 837 2276 1030 2334; x_wconf 75' lang='lat' dir='ltr'><strong>deidnisciten</strong></span> <span class='ocrx_word' id='word_1_164' title='bbox 1062 2276 1183 2351; x_wconf 74' lang='lat' dir='ltr'><strong>Tempet</strong></span> <span class='ocrx_word' id='word_1_165' title='bbox 1211 2279 1290 2334; x_wconf 80' lang='lat' dir='ltr'><strong>aucis</strong></span> <span class='ocrx_word' id='word_1_166' title='bbox 1320 2283 1385 2352; x_wconf 79' lang='lat' dir='ltr'><strong>arcs</strong></span> <span class='ocrx_word' id='word_1_167' title='bbox 1398 2282 1452 2338; x_wconf 84' lang='lat' dir='ltr'><strong>die</strong></span> 
     </span>
     <span class='ocr_line' id='line_1_20' title="bbox 347 2363 1451 2442; baseline 0.002 -17"><span class='ocrx_word' id='word_1_168' title='bbox 347 2369 542 2425; x_wconf 70' lang='lat' dir='ltr'><strong>christlichen</strong></span> <span class='ocrx_word' id='word_1_169' title='bbox 570 2365 708 2424; x_wconf 71' lang='lat' dir='ltr'><strong>direlaen</strong></span> <span class='ocrx_word' id='word_1_170' title='bbox 738 2387 775 2424; x_wconf 75' lang='lat' dir='ltr'><strong>au</strong></span> <span class='ocrx_word' id='word_1_171' title='bbox 804 2368 997 2442; x_wconf 75' lang='lat' dir='ltr'><strong>iibertragen.</strong></span> <span class='ocrx_word' id='word_1_172' title='bbox 1045 2363 1091 2422; x_wconf 89' lang='lat' dir='ltr'><strong>Me</strong></span> <span class='ocrx_word' id='word_1_173' title='bbox 1120 2364 1267 2422; x_wconf 89' lang='lat' dir='ltr'><strong>iudicante</strong></span> <span class='ocrx_word' id='word_1_174' title='bbox 1286 2368 1389 2426; x_wconf 88' lang='lat' dir='ltr'><strong>titulus</strong></span> <span class='ocrx_word' id='word_1_175' title='bbox 1409 2369 1451 2426; x_wconf 85' lang='lat' dir='ltr'><strong>xl</strong></span> 
     </span>
     <span class='ocr_line' id='line_1_21' title="bbox 346 2453 1452 2530; baseline 0.003 -18"><span class='ocrx_word' id='word_1_176' title='bbox 346 2474 406 2512; x_wconf 89' lang='lat' dir='ltr'><strong>non</strong></span> <span class='ocrx_word' id='word_1_177' title='bbox 437 2465 477 2512; x_wconf 88' lang='lat' dir='ltr'><strong>est</strong></span> <span class='ocrx_word' id='word_1_178' title='bbox 506 2456 632 2512; x_wconf 85' lang='lat' dir='ltr'><strong>formula</strong></span> <span class='ocrx_word' id='word_1_179' title='bbox 653 2454 767 2514; x_wconf 86' lang='lat' dir='ltr'><strong>dicendi</strong></span> <span class='ocrx_word' id='word_1_180' title='bbox 787 2455 908 2530; x_wconf 86' lang='lat' dir='ltr'><strong>poetica.</strong></span> <span class='ocrx_word' id='word_1_181' title='bbox 926 2453 976 2510; x_wconf 89' lang='lat' dir='ltr'><strong>sed</strong></span> <span class='ocrx_word' id='word_1_182' title='bbox 995 2472 1088 2529; x_wconf 90' lang='lat' dir='ltr'><strong>poena</strong></span> <span class='ocrx_word' id='word_1_183' title='bbox 1106 2471 1219 2529; x_wconf 79' lang='lat' dir='ltr'><strong>pagana</strong></span> <span class='ocrx_word' id='word_1_184' title='bbox 1238 2456 1452 2524; x_wconf 84' lang='lat' dir='ltr'><strong>crudelissima.</strong></span> 
     </span>
     <span class='ocr_line' id='line_1_22' title="bbox 347 2541 1452 2620; baseline 0.003 -20"><span class='ocrx_word' id='word_1_185' title='bbox 347 2563 423 2618; x_wconf 88' lang='lat' dir='ltr'><strong>quac</strong></span> <span class='ocrx_word' id='word_1_186' title='bbox 450 2553 549 2620; x_wconf 89' lang='lat' dir='ltr'><strong>aperte</strong></span> <span class='ocrx_word' id='word_1_187' title='bbox 578 2543 647 2600; x_wconf 91' lang='lat' dir='ltr'><strong>dicit</strong></span> <span class='ocrx_word' id='word_1_188' title='bbox 677 2544 749 2618; x_wconf 91' lang='lat' dir='ltr'><strong>quid</strong></span> <span class='ocrx_word' id='word_1_189' title='bbox 769 2541 824 2598; x_wconf 89' lang='lat' dir='ltr'><strong>sibi</strong></span> <span class='ocrx_word' id='word_1_190' title='bbox 846 2544 930 2606; x_wconf 71' lang='lat' dir='ltr'><strong>velita</strong></span> <span class='ocrx_word' id='word_1_191' title='bbox 950 2552 977 2599; x_wconf 85' lang='lat' dir='ltr'><strong>et</strong></span> <span class='ocrx_word' id='word_1_192' title='bbox 998 2544 1072 2601; x_wconf 91' lang='lat' dir='ltr'><strong>hanc</strong></span> <span class='ocrx_word' id='word_1_193' title='bbox 1091 2543 1129 2597; x_wconf 91' lang='lat' dir='ltr'><strong>cb</strong></span> <span class='ocrx_word' id='word_1_194' title='bbox 1148 2561 1211 2599; x_wconf 86' lang='lat' dir='ltr'><strong>rem</strong></span> <span class='ocrx_word' id='word_1_195' title='bbox 1228 2562 1282 2619; x_wconf 90' lang='lat' dir='ltr'><strong>pro</strong></span> <span class='ocrx_word' id='word_1_196' title='bbox 1301 2555 1378 2602; x_wconf 89' lang='lat' dir='ltr'><strong>certo</strong></span> <span class='ocrx_word' id='word_1_197' title='bbox 1397 2566 1452 2604; x_wconf 84' lang='lat' dir='ltr'><strong>ne-</strong></span> 
     </span>
     <span class='ocr_line' id='line_1_23' title="bbox 347 2629 1451 2714; baseline 0.005 -25"><span class='ocrx_word' id='word_1_198' title='bbox 347 2632 478 2710; x_wconf 75' lang='lat' dir='ltr'><strong>gandum</strong></span> <span class='ocrx_word' id='word_1_199' title='bbox 498 2641 551 2698; x_wconf 82' lang='lat' dir='ltr'><strong>est,</strong></span> <span class='ocrx_word' id='word_1_200' title='bbox 569 2632 711 2690; x_wconf 73' lang='lat' dir='ltr'><strong>Kar&#39;olnm</strong></span> <span class='ocrx_word' id='word_1_201' title='bbox 730 2632 769 2690; x_wconf 84' lang='grc' dir='ltr'><strong>Μ.</strong></span> <span class='ocrx_word' id='word_1_202' title='bbox 791 2631 908 2688; x_wconf 87' lang='lat' dir='ltr'><strong>titulum</strong></span> <span class='ocrx_word' id='word_1_203' title='bbox 929 2630 971 2688; x_wconf 83' lang='lat' dir='ltr'><strong>xl</strong></span> <span class='ocrx_word' id='word_1_204' title='bbox 990 2631 1123 2706; x_wconf 90' lang='lat' dir='ltr'><strong>capitulis</strong></span> <span class='ocrx_word' id='word_1_205' title='bbox 1145 2629 1202 2687; x_wconf 81' lang='lat' dir='ltr'><strong>illis</strong></span> <span class='ocrx_word' id='word_1_206' title='bbox 1222 2633 1378 2702; x_wconf 87' lang='lat' dir='ltr'><strong>adiddissc,</strong></span> <span class='ocrx_word' id='word_1_207' title='bbox 1398 2639 1451 2714; x_wconf 90' lang='lat' dir='ltr'><strong>qui</strong></span> 
     </span>
     <span class='ocr_line' id='line_1_24' title="bbox 346 2720 1452 2801; baseline 0.004 -23"><span class='ocrx_word' id='word_1_208' title='bbox 346 2721 551 2801; x_wconf 77' lang='lat' dir='ltr'><strong>promulgarit,</strong></span> <span class='ocrx_word' id='word_1_209' title='bbox 580 2730 612 2779; x_wconf 92' lang='lat' dir='ltr'><strong>ut</strong></span> <span class='ocrx_word' id='word_1_210' title='bbox 642 2721 689 2778; x_wconf 83' lang='lat' dir='ltr'><strong>lex</strong></span> <span class='ocrx_word' id='word_1_211' title='bbox 718 2720 883 2786; x_wconf 77' lang='lat' dir='ltr'><strong>Frisiorum</strong></span> <span class='ocrx_word' id='word_1_212' title='bbox 904 2728 985 2776; x_wconf 86' lang='lat' dir='ltr'><strong>retus</strong></span> <span class='ocrx_word' id='word_1_213' title='bbox 1005 2720 1217 2778; x_wconf 76' lang='lat' dir='ltr'><strong>emendaretur.</strong></span> <span class='ocrx_word' id='word_1_214' title='bbox 1258 2720 1337 2798; x_wconf 73' lang='lat' dir='ltr'><strong>Quae</strong></span> <span class='ocrx_word' id='word_1_215' title='bbox 1356 2745 1452 2801; x_wconf 90' lang='lat' dir='ltr'><strong>quum</strong></span> 
     </span>
     <span class='ocr_line' id='line_1_25' title="bbox 345 2807 1451 2884; baseline -0.007 -17"><span class='ocrx_word' id='word_1_216' title='bbox 345 2813 387 2868; x_wconf 90' lang='lat' dir='ltr'><strong>ita</strong></span> <span class='ocrx_word' id='word_1_217' title='bbox 414 2809 484 2874; x_wconf 78' lang='lat' dir='ltr'><strong>sint,</strong></span> <span class='ocrx_word' id='word_1_218' title='bbox 511 2811 572 2869; x_wconf 86' lang='lat' dir='ltr'><strong>riro</strong></span> <span class='ocrx_word' id='word_1_219' title='bbox 603 2810 685 2867; x_wconf 90' lang='lat' dir='ltr'><strong>docto</strong></span> <span class='ocrx_word' id='word_1_220' title='bbox 703 2810 839 2868; x_wconf 82' lang='lat' dir='ltr'><strong>Matthiae</strong></span> <span class='ocrx_word' id='word_1_221' title='bbox 860 2829 914 2867; x_wconf 86' lang='lat' dir='ltr'><strong>ron</strong></span> <span class='ocrx_word' id='word_1_222' title='bbox 937 2807 1034 2866; x_wconf 86' lang='lat' dir='ltr'><strong>Wicht</strong></span> <span class='ocrx_word' id='word_1_223' title='bbox 1052 2809 1203 2874; x_wconf 87' lang='lat' dir='ltr'><strong>assentior,</strong></span> <span class='ocrx_word' id='word_1_224' title='bbox 1221 2811 1273 2884; x_wconf 90' lang='lat' dir='ltr'><strong>qui</strong></span> <span class='ocrx_word' id='word_1_225' title='bbox 1292 2812 1324 2867; x_wconf 91' lang='lat' dir='ltr'><strong>in</strong></span> <span class='ocrx_word' id='word_1_226' title='bbox 1345 2834 1363 2867; x_wconf 79' lang='lat' dir='ltr'><strong>a</strong></span> <span class='ocrx_word' id='word_1_227' title='bbox 1376 2813 1451 2872; x_wconf 66' lang='lat' dir='ltr'><strong>Vos.</strong></span> 
     </span>
     <span class='ocr_line' id='line_1_26' title="bbox 345 2895 1451 2974; baseline 0 -16"><span class='ocrx_word' id='word_1_228' title='bbox 345 2901 457 2959; x_wconf 85' lang='lat' dir='ltr'><strong>bericht</strong></span> <span class='ocrx_word' id='word_1_229' title='bbox 486 2919 523 2956; x_wconf 78' lang='lat' dir='ltr'><strong>au</strong></span> <span class='ocrx_word' id='word_1_230' title='bbox 549 2900 616 2956; x_wconf 89' lang='lat' dir='ltr'><strong>dem</strong></span> <span class='ocrx_word' id='word_1_231' title='bbox 648 2898 775 2957; x_wconf 87' lang='lat' dir='ltr'><strong>0stfries.</strong></span> <span class='ocrx_word' id='word_1_232' title='bbox 805 2898 937 2957; x_wconf 87' lang='lat' dir='ltr'><strong>Landr.&#39;&#39;</strong></span> <span class='ocrx_word' id='word_1_233' title='bbox 975 2895 1058 2954; x_wconf 72' lang='lat'><strong>1746.</strong></span> <span class='ocrx_word' id='word_1_234' title='bbox 1087 2918 1117 2974; x_wconf 87' lang='lat' dir='ltr'><strong>p.</strong></span> <span class='ocrx_word' id='word_1_235' title='bbox 1139 2897 1188 2962; x_wconf 84' lang='lat'><strong>65,</strong></span> <span class='ocrx_word' id='word_1_236' title='bbox 1206 2907 1311 2964; x_wconf 76' lang='lat' dir='ltr'><strong>censet,</strong></span> <span class='ocrx_word' id='word_1_237' title='bbox 1329 2903 1451 2961; x_wconf 88' lang='lat' dir='ltr'><strong>titulum</strong></span> 
     </span>
     <span class='ocr_line' id='line_1_27' title="bbox 347 2983 1452 3064; baseline 0.002 -18"><span class='ocrx_word' id='word_1_238' title='bbox 347 2983 388 3046; x_wconf 82' lang='lat' dir='ltr'><strong>Xl</strong></span> <span class='ocrx_word' id='word_1_239' title='bbox 418 3008 477 3045; x_wconf 91' lang='lat' dir='ltr'><strong>non</strong></span> <span class='ocrx_word' id='word_1_240' title='bbox 505 2985 607 3046; x_wconf 85' lang='lat' dir='ltr'><strong>Karoli</strong></span> <span class='ocrx_word' id='word_1_241' title='bbox 637 2988 682 3058; x_wconf 54' lang='lat' dir='ltr'><strong>il.⁴</strong></span> <span class='ocrx_word' id='word_1_242' title='bbox 708 2989 876 3045; x_wconf 87' lang='lat' dir='ltr'><strong>auctoritate</strong></span> <span class='ocrx_word' id='word_1_243' title='bbox 906 2987 1057 3062; x_wconf 80' lang='lat' dir='ltr'><strong>scriptum,</strong></span> <span class='ocrx_word' id='word_1_244' title='bbox 1076 2985 1126 3055; x_wconf 84' lang='lat' dir='ltr'><strong>sed</strong></span> <span class='ocrx_word' id='word_1_245' title='bbox 1148 2995 1273 3064; x_wconf 88' lang='lat' dir='ltr'><strong>tempore</strong></span> <span class='ocrx_word' id='word_1_246' title='bbox 1292 2991 1452 3048; x_wconf 80' lang='lat' dir='ltr'><strong>recentiore</strong></span> 
     </span>
     <span class='ocr_line' id='line_1_28' title="bbox 343 3077 1452 3156; baseline 0.001 -22"><span class='ocrx_word' id='word_1_247' title='bbox 343 3079 403 3154; x_wconf 78' lang='lat' dir='ltr'><strong>legi</strong></span> <span class='ocrx_word' id='word_1_248' title='bbox 431 3077 503 3135; x_wconf 83' lang='lat' dir='ltr'><strong>Fris.</strong></span> <span class='ocrx_word' id='word_1_249' title='bbox 534 3077 665 3135; x_wconf 86' lang='lat' dir='ltr'><strong>additum</strong></span> <span class='ocrx_word' id='word_1_250' title='bbox 694 3096 773 3143; x_wconf 71' lang='lat' dir='ltr'><strong>esser</strong></span> <span class='ocrx_word' id='word_1_251' title='bbox 800 3087 926 3134; x_wconf 84' lang='lat' dir='ltr'><strong>attamen</strong></span> <span class='ocrx_word' id='word_1_252' title='bbox 946 3077 1117 3133; x_wconf 87' lang='lat' dir='ltr'><strong>sententiam</strong></span> <span class='ocrx_word' id='word_1_253' title='bbox 1137 3096 1231 3135; x_wconf 88' lang='lat' dir='ltr'><strong>meam</strong></span> <span class='ocrx_word' id='word_1_254' title='bbox 1250 3078 1277 3134; x_wconf 88' lang='lat' dir='ltr'><strong>ei</strong></span> <span class='ocrx_word' id='word_1_255' title='bbox 1295 3077 1452 3156; x_wconf 74' lang='lat' dir='ltr'><strong>investiga-</strong></span> 
     </span>
     <span class='ocr_line' id='line_1_29' title="bbox 347 3165 1452 3244; baseline -0.002 -18"><span class='ocrx_word' id='word_1_256' title='bbox 347 3168 418 3226; x_wconf 85' lang='lat' dir='ltr'><strong>toris</strong></span> <span class='ocrx_word' id='word_1_257' title='bbox 437 3165 615 3242; x_wconf 79' lang='lat' dir='ltr'><strong>antiquitatis</strong></span> <span class='ocrx_word' id='word_1_258' title='bbox 634 3165 758 3223; x_wconf 82' lang='lat' dir='ltr'><strong>Frisicae</strong></span> <span class='ocrx_word' id='word_1_259' title='bbox 790 3165 1002 3241; x_wconf 78' lang='lat' dir='ltr'><strong>diligentissimi</strong></span> <span class='ocrx_word' id='word_1_260' title='bbox 1021 3184 1081 3221; x_wconf 90' lang='lat' dir='ltr'><strong>non</strong></span> <span class='ocrx_word' id='word_1_261' title='bbox 1100 3165 1243 3231; x_wconf 80' lang='lat' dir='ltr'><strong>adscribo,</strong></span> <span class='ocrx_word' id='word_1_262' title='bbox 1263 3185 1338 3242; x_wconf 88' lang='lat' dir='ltr'><strong>quae</strong></span> <span class='ocrx_word' id='word_1_263' title='bbox 1358 3169 1452 3244; x_wconf 86' lang='lat' dir='ltr'><strong>expli-</strong></span> 
     </span>
     <span class='ocr_line' id='line_1_30' title="bbox 350 3255 1467 3323; baseline 0.001 -8"><span class='ocrx_word' id='word_1_264' title='bbox 350 3265 413 3315; x_wconf 84' lang='lat' dir='ltr'><strong>cata</strong></span> <span class='ocrx_word' id='word_1_265' title='bbox 442 3265 484 3313; x_wconf 89' lang='lat' dir='ltr'><strong>est</strong></span> <span class='ocrx_word' id='word_1_266' title='bbox 514 3255 624 3312; x_wconf 78' lang='lat' dir='ltr'><strong>verbis:</strong></span> <span class='ocrx_word' id='word_1_267' title='bbox 654 3255 713 3314; x_wconf 82' lang='lat' dir='ltr'><strong>der</strong></span> <span class='ocrx_word' id='word_1_268' title='bbox 741 3274 773 3312; x_wconf 86' lang='lat' dir='ltr'><strong>so</strong></span> <span class='ocrx_word' id='word_1_269' title='bbox 812 3255 970 3312; x_wconf 73' lang='lat' dir='ltr'><strong>deidniscla</strong></span> <span class='ocrx_word' id='word_1_270' title='bbox 1000 3255 1178 3311; x_wconf 74' lang='lat' dir='ltr'><strong>aresseiaerrde</strong></span> <span class='ocrx_word' id='word_1_271' title='bbox 1207 3256 1340 3312; x_wconf 78' lang='lat' dir='ltr'><strong>Artitel</strong></span> <span class='ocrx_word' id='word_1_272' title='bbox 1369 3257 1467 3323; x_wconf 68' lang='lat' dir='ltr'><strong>kann,</strong></span> 
     </span>
     <span class='ocr_line' id='line_1_31' title="bbox 350 3345 1453 3406; baseline 0.001 -1"><span class='ocrx_word' id='word_1_273' title='bbox 350 3348 501 3406; x_wconf 76' lang='lat' dir='ltr'><strong>vielleielst</strong></span> <span class='ocrx_word' id='word_1_274' title='bbox 527 3348 677 3404; x_wconf 73' lang='lat' dir='ltr'><strong>neodhere</strong></span> <span class='ocrx_word' id='word_1_275' title='bbox 704 3365 759 3404; x_wconf 81' lang='lat' dir='ltr'><strong>aon</strong></span> <span class='ocrx_word' id='word_1_276' title='bbox 787 3349 880 3402; x_wconf 83' lang='lat' dir='ltr'><strong>einem</strong></span> <span class='ocrx_word' id='word_1_277' title='bbox 898 3345 1063 3402; x_wconf 80' lang='lat' dir='ltr'><strong>Liehlanber</strong></span> <span class='ocrx_word' id='word_1_278' title='bbox 1081 3346 1137 3402; x_wconf 81' lang='lat' dir='ltr'><strong>der</strong></span> <span class='ocrx_word' id='word_1_279' title='bbox 1157 3345 1376 3404; x_wconf 82' lang='lat' dir='ltr'><strong>Altertha&#39;imer</strong></span> <span class='ocrx_word' id='word_1_280' title='bbox 1394 3369 1453 3406; x_wconf 76' lang='lat' dir='ltr'><strong>arcs</strong></span> 
     </span>
     <span class='ocr_line' id='line_1_32' title="bbox 351 3433 1452 3510; baseline 0.001 -17"><span class='ocrx_word' id='word_1_281' title='bbox 351 3439 460 3493; x_wconf 80' lang='lat' dir='ltr'><strong>otosser</strong></span> <span class='ocrx_word' id='word_1_282' title='bbox 481 3433 654 3492; x_wconf 73' lang='lat' dir='ltr'><strong>derriositdt</strong></span> <span class='ocrx_word' id='word_1_283' title='bbox 674 3436 952 3510; x_wconf 75' lang='lat' dir='ltr'><strong>lainauqeseitrieben</strong></span> <span class='ocrx_word' id='word_1_284' title='bbox 972 3435 1043 3491; x_wconf 82' lang='lat' dir='ltr'><strong>sein.</strong></span> <span class='ocrx_word' id='word_1_285' title='bbox 1083 3433 1226 3508; x_wconf 80' lang='lat' dir='ltr'><strong>Equidem</strong></span> <span class='ocrx_word' id='word_1_286' title='bbox 1248 3435 1368 3493; x_wconf 91' lang='lat' dir='ltr'><strong>coniicio</strong></span> <span class='ocrx_word' id='word_1_287' title='bbox 1386 3437 1452 3494; x_wconf 81' lang='lat' dir='ltr'><strong>Fri-</strong></span> 
     </span>
     <span class='ocr_line' id='line_1_33' title="bbox 351 3520 1452 3597; baseline 0.002 -16"><span class='ocrx_word' id='word_1_288' title='bbox 351 3527 461 3581; x_wconf 89' lang='lat' dir='ltr'><strong>sionem</strong></span> <span class='ocrx_word' id='word_1_289' title='bbox 489 3522 635 3597; x_wconf 86' lang='lat' dir='ltr'><strong>quendam</strong></span> <span class='ocrx_word' id='word_1_290' title='bbox 664 3531 787 3580; x_wconf 84' lang='lat' dir='ltr'><strong>veterem</strong></span> <span class='ocrx_word' id='word_1_291' title='bbox 817 3521 927 3579; x_wconf 87' lang='lat' dir='ltr'><strong>ultimis</strong></span> <span class='ocrx_word' id='word_1_292' title='bbox 957 3520 1051 3578; x_wconf 74' lang='lat' dir='ltr'><strong>verbis</strong></span> <span class='ocrx_word' id='word_1_293' title='bbox 1070 3521 1141 3597; x_wconf 77' lang='lat' dir='ltr'><strong>legis</strong></span> <span class='ocrx_word' id='word_1_294' title='bbox 1160 3521 1283 3579; x_wconf 80' lang='lat' dir='ltr'><strong>Frisicae</strong></span> <span class='ocrx_word' id='word_1_295' title='bbox 1301 3524 1334 3580; x_wconf 88' lang='lat' dir='ltr'><strong>in</strong></span> <span class='ocrx_word' id='word_1_296' title='bbox 1354 3525 1452 3584; x_wconf 88' lang='lat' dir='ltr'><strong>codice</strong></span> 
     </span>
     <span class='ocr_line' id='line_1_34' title="bbox 351 3609 1451 3691; baseline 0.003 -21"><span class='ocrx_word' id='word_1_297' title='bbox 351 3611 547 3686; x_wconf 88' lang='lat' dir='ltr'><strong>manuscripto</strong></span> <span class='ocrx_word' id='word_1_298' title='bbox 577 3629 642 3676; x_wconf 78' lang='lat' dir='ltr'><strong>sno.</strong></span> <span class='ocrx_word' id='word_1_299' title='bbox 662 3611 707 3668; x_wconf 92' lang='lat' dir='ltr'><strong>ins</strong></span> <span class='ocrx_word' id='word_1_300' title='bbox 727 3611 892 3668; x_wconf 82' lang='lat' dir='ltr'><strong>Frisionum</strong></span> <span class='ocrx_word' id='word_1_301' title='bbox 912 3609 1098 3668; x_wconf 91' lang='lat' dir='ltr'><strong>orientalium</strong></span> <span class='ocrx_word' id='word_1_302' title='bbox 1120 3611 1183 3667; x_wconf 89' lang='lat' dir='ltr'><strong>»de</strong></span> <span class='ocrx_word' id='word_1_303' title='bbox 1203 3612 1310 3668; x_wconf 89' lang='lat' dir='ltr'><strong>honora</strong></span> <span class='ocrx_word' id='word_1_304' title='bbox 1330 3615 1451 3691; x_wconf 86' lang='lat' dir='ltr'><strong>templo·</strong></span> 
     </span>
     <span class='ocr_line' id='line_1_35' title="bbox 352 3699 1452 3778; baseline 0.002 -18"><span class='ocrx_word' id='word_1_305' title='bbox 352 3705 453 3765; x_wconf 82' lang='lat' dir='ltr'><strong>rum’&#39;‚</strong></span> <span class='ocrx_word' id='word_1_306' title='bbox 481 3699 593 3776; x_wconf 78' lang='lat' dir='ltr'><strong>legibus</strong></span> <span class='ocrx_word' id='word_1_307' title='bbox 621 3699 722 3758; x_wconf 84' lang='lat' dir='ltr'><strong>Karoli</strong></span> <span class='ocrx_word' id='word_1_308' title='bbox 749 3699 788 3758; x_wconf 85' lang='grc' dir='ltr'><strong>Μ.</strong></span> <span class='ocrx_word' id='word_1_309' title='bbox 809 3709 837 3757; x_wconf 92' lang='lat' dir='ltr'><strong>et</strong></span> <span class='ocrx_word' id='word_1_310' title='bbox 856 3699 990 3758; x_wconf 83' lang='lat' dir='ltr'><strong>ecclesiae</strong></span> <span class='ocrx_word' id='word_1_311' title='bbox 1008 3699 1180 3757; x_wconf 82' lang='lat' dir='ltr'><strong>christianae</strong></span> <span class='ocrx_word' id='word_1_312' title='bbox 1197 3699 1382 3778; x_wconf 81' lang='lat' dir='ltr'><strong>abrogatum,</strong></span> <span class='ocrx_word' id='word_1_313' title='bbox 1400 3705 1452 3762; x_wconf 85' lang='lat' dir='ltr'><strong>ad·</strong></span> 
     </span>
     <span class='ocr_line' id='line_1_36' title="bbox 352 3789 1451 3868; baseline 0.002 -19"><span class='ocrx_word' id='word_1_314' title='bbox 352 3791 515 3868; x_wconf 78' lang='lat' dir='ltr'><strong>scripsisse,</strong></span> <span class='ocrx_word' id='word_1_315' title='bbox 545 3808 635 3866; x_wconf 87' lang='lat' dir='ltr'><strong>aeque</strong></span> <span class='ocrx_word' id='word_1_316' title='bbox 664 3809 698 3847; x_wconf 90' lang='lat' dir='ltr'><strong>ac</strong></span> <span class='ocrx_word' id='word_1_317' title='bbox 728 3790 880 3866; x_wconf 86' lang='lat' dir='ltr'><strong>permultis</strong></span> <span class='ocrx_word' id='word_1_318' title='bbox 909 3789 941 3846; x_wconf 89' lang='lat' dir='ltr'><strong>in</strong></span> <span class='ocrx_word' id='word_1_319' title='bbox 971 3790 1116 3847; x_wconf 86' lang='lat' dir='ltr'><strong>codicibus</strong></span> <span class='ocrx_word' id='word_1_320' title='bbox 1146 3791 1349 3867; x_wconf 82' lang='lat' dir='ltr'><strong>manuscriptis</strong></span> <span class='ocrx_word' id='word_1_321' title='bbox 1378 3792 1451 3852; x_wconf 89' lang='lat' dir='ltr'><strong>iuris</strong></span> 
     </span>
     <span class='ocr_line' id='line_1_37' title="bbox 353 3867 1451 3954; baseline 0.002 -16"><span class='ocrx_word' id='word_1_322' title='bbox 353 3880 453 3938; x_wconf 74' lang='lat' dir='ltr'><strong>Frisici</strong></span> <span class='ocrx_word' id='word_1_323' title='bbox 483 3877 649 3936; x_wconf 83' lang='lat' dir='ltr'><strong>recentioris</strong></span> <span class='ocrx_word' id='word_1_324' title='bbox 669 3867 882 3936; x_wconf 87' lang='lat' dir='ltr'><strong>constitutiones</strong></span> <span class='ocrx_word' id='word_1_325' title='bbox 901 3878 1077 3954; x_wconf 85' lang='lat' dir='ltr'><strong>antiquiores</strong></span> <span class='ocrx_word' id='word_1_326' title='bbox 1095 3879 1254 3954; x_wconf 85' lang='lat' dir='ltr'><strong>adscriptae</strong></span> <span class='ocrx_word' id='word_1_327' title='bbox 1273 3880 1318 3937; x_wconf 87' lang='lat' dir='ltr'><strong>rel</strong></span> <span class='ocrx_word' id='word_1_328' title='bbox 1336 3881 1371 3937; x_wconf 91' lang='lat' dir='ltr'><strong>in</strong></span> <span class='ocrx_word' id='word_1_329' title='bbox 1389 3891 1451 3941; x_wconf 85' lang='lat' dir='ltr'><strong>tex·</strong></span> 
     </span>
     <span class='ocr_line' id='line_1_38' title="bbox 354 3967 1453 4045; baseline 0 -16"><span class='ocrx_word' id='word_1_330' title='bbox 354 3975 416 4029; x_wconf 82' lang='lat' dir='ltr'><strong>tu&#39;ns</strong></span> <span class='ocrx_word' id='word_1_331' title='bbox 446 3976 576 4045; x_wconf 86' lang='lat' dir='ltr'><strong>receptae</strong></span> <span class='ocrx_word' id='word_1_332' title='bbox 603 3976 681 4033; x_wconf 78' lang='lat' dir='ltr'><strong>sunt,</strong></span> <span class='ocrx_word' id='word_1_333' title='bbox 698 3987 771 4042; x_wconf 87' lang='lat' dir='ltr'><strong>quas</strong></span> <span class='ocrx_word' id='word_1_334' title='bbox 790 3969 865 4045; x_wconf 78' lang='lat' dir='ltr'><strong>leges</strong></span> <span class='ocrx_word' id='word_1_335' title='bbox 884 3967 1053 4024; x_wconf 86' lang='lat' dir='ltr'><strong>recentiores</strong></span> <span class='ocrx_word' id='word_1_336' title='bbox 1073 3967 1256 4024; x_wconf 88' lang='lat' dir='ltr'><strong>sustulerant.</strong></span> <span class='ocrx_word' id='word_1_337' title='bbox 1295 3967 1370 4026; x_wconf 86' lang='lat' dir='ltr'><strong>llaec</strong></span> <span class='ocrx_word' id='word_1_338' title='bbox 1389 3972 1453 4029; x_wconf 84' lang='lat' dir='ltr'><strong>mea</strong></span> 
     </span>
     <span class='ocr_line' id='line_1_39' title="bbox 354 4055 1453 4132; baseline 0.001 -17"><span class='ocrx_word' id='word_1_339' title='bbox 354 4058 517 4117; x_wconf 88' lang='lat' dir='ltr'><strong>coniectura</strong></span> <span class='ocrx_word' id='word_1_340' title='bbox 554 4056 673 4113; x_wconf 86' lang='lat' dir='ltr'><strong>fortasse</strong></span> <span class='ocrx_word' id='word_1_341' title='bbox 703 4056 891 4113; x_wconf 84' lang='lat' dir='ltr'><strong>confirmatur</strong></span> <span class='ocrx_word' id='word_1_342' title='bbox 926 4055 1049 4112; x_wconf 88' lang='lat' dir='ltr'><strong>dictione</strong></span> <span class='ocrx_word' id='word_1_343' title='bbox 1079 4055 1156 4112; x_wconf 89' lang='lat' dir='ltr'><strong>tituli</strong></span> <span class='ocrx_word' id='word_1_344' title='bbox 1185 4055 1269 4132; x_wconf 89' lang='lat' dir='ltr'><strong>quasi</strong></span> <span class='ocrx_word' id='word_1_345' title='bbox 1298 4057 1453 4124; x_wconf 82' lang='lat' dir='ltr'><strong>historica,</strong></span> 
     </span>
     <span class='ocr_line' id='line_1_40' title="bbox 353 4143 1452 4222; baseline 0 -18"><span class='ocrx_word' id='word_1_346' title='bbox 353 4166 445 4222; x_wconf 85' lang='lat' dir='ltr'><strong>quam</strong></span> <span class='ocrx_word' id='word_1_347' title='bbox 475 4145 702 4203; x_wconf 76' lang='lat' dir='ltr'><strong>animadvertere</strong></span> <span class='ocrx_word' id='word_1_348' title='bbox 731 4146 816 4203; x_wconf 82' lang='lat' dir='ltr'><strong>velim</strong></span> <span class='ocrx_word' id='word_1_349' title='bbox 845 4145 877 4200; x_wconf 94' lang='lat' dir='ltr'><strong>in</strong></span> <span class='ocrx_word' id='word_1_350' title='bbox 907 4143 1018 4202; x_wconf 77' lang='lat' dir='ltr'><strong>verbis:</strong></span> <span class='ocrx_word' id='word_1_351' title='bbox 1047 4145 1175 4201; x_wconf 82' lang='lat' dir='ltr'><strong>ducitur</strong></span> <span class='ocrx_word' id='word_1_352' title='bbox 1193 4145 1239 4201; x_wconf 81' lang='lat' dir='ltr'><strong>cd</strong></span> <span class='ocrx_word' id='word_1_353' title='bbox 1257 4165 1352 4212; x_wconf 78' lang='lat' dir='ltr'><strong>mare,</strong></span> <span class='ocrx_word' id='word_1_354' title='bbox 1370 4157 1401 4206; x_wconf 80' lang='lat' dir='ltr'><strong>et</strong></span> <span class='ocrx_word' id='word_1_355' title='bbox 1419 4151 1452 4205; x_wconf 78' lang='lat' dir='ltr'><strong>ira</strong></span> 
     </span>
     <span class='ocr_line' id='line_1_41' title="bbox 355 4234 1454 4308; baseline 0 -15"><span class='ocrx_word' id='word_1_356' title='bbox 355 4237 469 4299; x_wconf 63' lang='lat' dir='ltr'><strong>watto,</strong></span> <span class='ocrx_word' id='word_1_357' title='bbox 491 4236 573 4308; x_wconf 80' lang='lat' dir='ltr'><strong>quod</strong></span> <span class='ocrx_word' id='word_1_358' title='bbox 590 4253 722 4292; x_wconf 80' lang='lat' dir='ltr'><strong>accessm</strong></span> <span class='ocrx_word' id='word_1_359' title='bbox 739 4238 838 4292; x_wconf 73' lang='lat' dir='ltr'><strong>mods</strong></span> <span class='ocrx_word' id='word_1_360' title='bbox 853 4237 969 4308; x_wconf 79' lang='lat' dir='ltr'><strong>operire</strong></span> <span class='ocrx_word' id='word_1_361' title='bbox 988 4237 1069 4296; x_wconf 82' lang='lat' dir='ltr'><strong>solet,</strong></span> <span class='ocrx_word' id='word_1_362' title='bbox 1078 4234 1252 4307; x_wconf 79' lang='lat' dir='ltr'><strong>finduntur</strong></span> <span class='ocrx_word' id='word_1_363' title='bbox 1269 4254 1362 4292; x_wconf 78' lang='lat' dir='ltr'><strong>carrea</strong></span> <span class='ocrx_word' id='word_1_364' title='bbox 1379 4240 1454 4302; x_wconf 82' lang='lat' dir='ltr'><strong>eiua,</strong></span> 
     </span>
     <span class='ocr_line' id='line_1_42' title="bbox 355 4323 1453 4398; baseline -0.001 -16"><span class='ocrx_word' id='word_1_365' title='bbox 355 4335 383 4383; x_wconf 81' lang='lat' dir='ltr'><strong>et</strong></span> <span class='ocrx_word' id='word_1_366' title='bbox 410 4331 580 4388; x_wconf 66' lang='lat' dir='ltr'><strong>aduratur,</strong></span> <span class='ocrx_word' id='word_1_367' title='bbox 598 4332 626 4380; x_wconf 83' lang='lat' dir='ltr'><strong>et</strong></span> <span class='ocrx_word' id='word_1_368' title='bbox 654 4323 832 4381; x_wconf 78' lang='lat' dir='ltr'><strong>immolatur</strong></span> <span class='ocrx_word' id='word_1_369' title='bbox 862 4323 936 4388; x_wconf 82' lang='lat' dir='ltr'><strong>diis,</strong></span> <span class='ocrx_word' id='word_1_370' title='bbox 964 4342 1092 4397; x_wconf 67' lang='lat' dir='ltr'><strong>meorum</strong></span> <span class='ocrx_word' id='word_1_371' title='bbox 1112 4325 1222 4398; x_wconf 80' lang='lat' dir='ltr'><strong>templu</strong></span> <span class='ocrx_word' id='word_1_372' title='bbox 1240 4325 1392 4391; x_wconf 62' lang='lat' dir='ltr'><strong>siclarin</strong></span> <span class='ocrx_word' id='word_1_373' title='bbox 1410 4325 1453 4382; x_wconf 85' lang='lat' dir='ltr'><strong>le-</strong></span> 
     </span>
     <span class='ocr_line' id='line_1_43' title="bbox 349 4411 1451 4494; baseline 0.001 -22"><span class='ocrx_word' id='word_1_374' title='bbox 349 4413 471 4494; x_wconf 68' lang='lat' dir='ltr'><strong>¹gisliatcr</strong></span> <span class='ocrx_word' id='word_1_375' title='bbox 499 4411 577 4469; x_wconf 88' lang='lat' dir='ltr'><strong>enirn</strong></span> <span class='ocrx_word' id='word_1_376' title='bbox 606 4412 780 4488; x_wconf 83' lang='lat' dir='ltr'><strong>scripsisset:</strong></span> <span class='ocrx_word' id='word_1_377' title='bbox 809 4413 982 4470; x_wconf 79' lang='lat' dir='ltr'><strong>immoletur</strong></span> <span class='ocrx_word' id='word_1_378' title='bbox 1000 4412 1084 4477; x_wconf 83' lang='lat' dir='ltr'><strong>diis,</strong></span> <span class='ocrx_word' id='word_1_379' title='bbox 1101 4419 1166 4478; x_wconf 80' lang='lat' dir='ltr'><strong>eta,</strong></span> <span class='ocrx_word' id='word_1_380' title='bbox 1183 4421 1212 4471; x_wconf 83' lang='lat' dir='ltr'><strong>et</strong></span> <span class='ocrx_word' id='word_1_381' title='bbox 1231 4411 1278 4472; x_wconf 84' lang='lat' dir='ltr'><strong>rix</strong></span> <span class='ocrx_word' id='word_1_382' title='bbox 1296 4411 1451 4473; x_wconf 77' lang='lat' dir='ltr'><strong>addidisset</strong></span> 
     </span>
    </p>
   </div>
   <div class='ocr_carea' id='block_1_5' title="bbox 0 0 1596 5464">
    <p class='ocr_par' dir='ltr' id='par_1_6' title="bbox 0 0 1596 5464">
     <span class='ocr_line' id='line_1_44' title="bbox 0 0 1596 5464; baseline 0 0"><span class='ocrx_word' id='word_1_383' title='bbox 0 0 1596 5464; x_wconf 95' lang='lat' dir='ltr'><strong> </strong></span> 
     </span>
    </p>
   </div>
  </div>
 </body>
</html>
