3156 5464
460 555 538 620 lna.
564 555 664 622 Wnr..
706 562 720 641 ᾗ
746 561 794 624 10.
1160 559 1221 624 123

110 753 200 810 dicit:
234 751 377 809 Girmrtns
398 753 438 806 ist
463 752 596 825 affinior
618 755 665 808 ein
684 751 913 808 rnrrsikuiisebes
935 749 1136 814 Instrument,
1155 753 1220 808 nnd

111 843 263 900 oielieiebt
293 861 355 896 nnr
386 842 432 896 sin
462 841 594 897 underer
622 841 722 898 Nume
743 842 808 914 fiir
838 839 939 914 Herse
960 839 1032 894 oder
1054 838 1173 906 Cirtam
1193 841 1217 900 Ι.

111 931 225 988 Grimm
246 929 280 986 Ι).
302 929 351 1006 Sp.
377 929 409 986 G.
430 925 487 984 605
506 938 601 985 anilem
622 938 719 988 notate
740 948 804 984 rous
824 929 880 984 der
899 931 973 1002 ring
993 927 1065 984 oder
1084 931 1219 986 circulus

111 1022 156 1076 bei
189 1019 246 1074 der
276 1020 376 1090 harpa
405 1020 565 1093 eipentlicb
596 1020 725 1084 bedente,
755 1021 843 1092 weiss
871 1020 921 1074 ioh
940 1019 1035 1074 nicht.
1075 1018 1217 1094 Funidem

111 1126 171 1164 non
193 1107 274 1163 rideo
295 1108 405 1181 harpae
425 1107 469 1164 vel
489 1107 616 1164 citharae
635 1108 757 1184 speciem
778 1105 873 1164 medio
893 1125 962 1164 aero
981 1107 1082 1164 circuli
1111 1126 1219 1164 nomen

110 1196 260 1260 habuisse,
286 1205 313 1250 et
344 1197 420 1252 hanc
440 1197 477 1252 ob
497 1214 612 1254 causam
632 1216 743 1260 censeo,
762 1195 903 1264 circulum
923 1195 1041 1272 capituli
1066 1195 1099 1254 lO
1118 1195 1219 1254 Wule-

111 1285 202 1349 mari,
230 1303 320 1340 »oum
348 1303 406 1360 quo
425 1284 563 1360 harpator
583 1288 719 1362 harpat¹',
737 1284 962 1342 instrumentum
983 1284 1128 1360 quoddam
1149 1305 1220 1348 esse,

111 1392 171 1449 quo
192 1374 329 1448 harpator
348 1375 470 1448 harpam
488 1374 641 1448 pulsabat3
661 1374 801 1451 plectrum
822 1374 940 1430 fortasse
959 1373 1166 1438 Romanorum,
1186 1375 1218 1430 in

111 1462 219 1536 Anglia
252 1471 342 1518 vetere
372 1465 572 1538 beaw-namt
601 1463 634 1538 (i.
660 1481 686 1520 e.
705 1466 814 1538 harpae
834 1463 943 1538 clarus)
964 1462 1138 1526 dictumst.
1159 1463 1219 1540 Lyn

111 1550 237 1624 lliotion.
267 1551 432 1626 hnglosax„
461 1550 536 1626 quod
569 1570 603 1608 ex
632 1553 727 1608 forma
757 1560 873 1608 curvata
896 1550 996 1608 circuli
1015 1569 1120 1608 nornen
1140 1570 1219 1608 rece-

110 1648 208 1715 perat,
237 1639 312 1695 conl.
344 1657 449 1712 pomen
480 1639 648 1696 theotiscum
667 1641 863 1715 fidet-bopen,
891 1640 923 1696 in
953 1640 1023 1696 dial.
1046 1641 1132 1697 theol.
1152 1660 1216 1716 sup.

111 1726 191 1783 med.
219 1727 393 1802 ridel-bopc,
412 1726 518 1782 Mttller
548 1726 572 1784 Ι.
603 1747 633 1802 p.
668 1727 732 1790 179,
761 1737 788 1783 et
818 1728 849 1784 in
879 1726 949 1784 dial.
970 1729 1056 1784 theot.
1077 1749 1141 1804 sup.
1163 1737 1218 1786 vet.

110 1815 295 1890 sierint-stus
317 1814 495 1890 (plectrum),
526 1815 609 1872 Graff
635 1815 690 1872 Ill.
717 1835 748 1892 p.
769 1815 994 1879 eburonum.
1034 1815 1216 1892 incognitum

110 1903 266 1968 habemus,
294 1903 380 1977 quale
409 1904 635 1960 instrumentum
668 1904 808 1960 musicum
840 1902 1001 1960 Frisiorum
1022 1903 1122 1968 fuerit,
1139 1905 1217 1980 quod

111 1991 301 2048 Wulemarus
330 1994 453 2068 harpam
483 1992 622 2068 appellat,
641 2002 669 2048 et
688 2012 747 2067 quo
768 2011 834 2048 usus
854 1991 890 2047 sit
910 1991 1038 2056 Berulef,
1057 1993 1148 2050 Frisio
1167 1993 1217 2048 ille

111 2099 225 2146 coecus,
253 2081 304 2155 qui
331 2089 400 2137 tesle
419 2081 542 2139 altfrido
561 2082 592 2137 in
613 2081 679 2140 Vita
700 2083 730 2140 S.
750 2081 887 2157 Liudgeri
908 2079 947 2139 ll.
967 2099 991 2139 c.
1015 2082 1048 2138 l:
1067 2102 1086 2138 c
1108 2085 1218 2139 ricinis

110 2173 178 2227 ereis
209 2170 297 2228 ualde
327 2171 527 2246 diligebatur,
557 2191 586 2228 eo
618 2172 699 2246 qnod
717 2179 788 2228 esset
807 2172 956 2245 affabilis,
974 2179 1002 2228 ct
1021 2174 1218 2246 antiquorum

110 2268 202 2316 notris
231 2279 394 2334 regumque
424 2263 591 2317 certamino
620 2263 688 2317 bene
718 2269 840 2317 nouerat
875 2260 1032 2333 psallendo
1055 2279 1218 2334 promere,

33 2361 37 2372 ’
111 2348 193 2405 Mon.
221 2347 254 2405 G.
283 2349 336 2406 SS.
365 2347 403 2406 ll.
432 2369 461 2425 p.
483 2349 557 2413 1112,
579 2368 638 2405 non
658 2357 753 2405 autem
774 2347 916 2414 dubitem,
935 2348 1006 2422 quin
1026 2349 1218 2405 iustrumenta

112 2436 225 2494 musica
253 2437 365 2494 diversa
393 2437 425 2493 in
443 2438 529 2495 libris
557 2437 732 2495 Germanicis
752 2438 839 2494 medii
859 2441 921 2493 aeri
943 2440 1048 2512 harpae
1068 2438 1218 2494 nominata

111 2525 184 2592 siut,
212 2525 276 2582 ride
305 2526 415 2582 Glossas
444 2530 476 2583 in
506 2545 638 2584 sermone
668 2528 802 2583 theotisca
830 2546 893 2602 sup.
920 2536 973 2583 ret.
993 2527 1124 2601 scriptas,
1143 2545 1217 2600 quae

111 2633 212 2672 rocem
241 2617 353 2690 harpha
380 2617 472 2672 verbis
500 2616 627 2674 Latinis:
657 2616 764 2691 chelys,
790 2616 911 2680 cithara,
933 2615 1053 2678 testudo,
1073 2616 1216 2691 plectrum

111 2713 142 2760 et
172 2713 342 2779 tympanum
373 2705 560 2769 transferunt,
579 2706 653 2762 oonf.
674 2705 757 2762 Graff
775 2703 825 2763 lv.
844 2725 875 2780 p.
899 2703 981 2767 1031,
1000 2714 1028 2762 et
1048 2704 1137 2760 libros
1158 2709 1217 2760 Aa·

111 2793 319 2869 glosuxonioos,
338 2795 389 2868 qui
411 2792 497 2850 rerba
516 2795 637 2859 cithara,
656 2793 721 2870 lyra
740 2803 767 2851 et
787 2793 955 2868 cymbalum
980 2811 1045 2850 roco
1065 2791 1217 2868 hnglosax.

112 2884 227 2956 laearpe
246 2881 383 2946 reddunt,
400 2883 437 2940 cf.
457 2881 516 2958 Lyn¹
536 2883 557 2940 l.
577 2884 597 2942 l.

157 2969 190 3003 ⁹⁵
233 2970 297 3026 Her.
317 2974 438 3030 maiori.

157 3057 190 3091 ⁹⁶
232 3059 307 3115 Haec
338 3059 498 3117 Wulemari
528 3062 613 3118 rerba
645 3060 700 3118 sibi
721 3059 831 3124 volunt,
852 3059 1000 3137 harpatori
1020 3079 1141 3136 poenam
1162 3060 1218 3116 sol-

113 3146 240 3203 rendam
269 3167 329 3205 esse
349 3151 460 3206 ratione
479 3150 591 3213 habita,
611 3151 813 3206 utrum'homo
833 3149 919 3213 liber,
938 3168 976 3204 au
998 3149 1082 3206 homo
1103 3149 1218 3213 nobilis,

114 3257 157 3294 an
185 3237 272 3293 homo
305 3237 372 3295 litus
400 3239 509 3302 fuerit3
539 3239 614 3296 ocnf.
634 3240 688 3315 leg.
709 3238 781 3295 Fris.
801 3237 866 3303 XX,
887 3238 941 3296 902
962 3240 1155 3294 haecomnia
1174 3239 1219 3294 nd

115 3328 246 3383 libernn'a
275 3329 420 3385 bominem
444 3332 612 3402 pertinent,
630 3331 738 3385 nobilis
759 3347 826 3384 nero
845 3329 975 3383 hominis
994 3329 1163 3400 compositio
1184 3329 1216 3382 in

113 3419 355 3489 permissionibus
384 3421 478 3474 tertia
493 3427 585 3490 parte
603 3421 702 3474 maior
721 3417 866 3491 effcitnm
887 3417 938 3471 liti
957 3434 1026 3470 nero
1045 3417 1217 3488 compositio

115 3507 149 3561 in
162 3509 408 3579 percussionibus
428 3508 585 3565 medietate
605 3509 705 3563 minor
724 3514 767 3562 est
786 3507 978 3580 qrrumliberi
988 3506 1127 3562 bominis.
1157 3503 1217 3562 Vo-

115 3612 178 3650 cem
210 3593 381 3650 »conditio''
413 3596 443 3652 in
475 3596 537 3672 lege
566 3595 638 3654 Fris.
669 3595 768 3652 eodem
789 3595 873 3652 modo
893 3593 1038 3658 usitatam,
1058 3594 1095 3651 cf.
1115 3594 1147 3650 in
1168 3593 1217 3651 Iu·

115 3683 179 3740 dice
199 3682 318 3740 Rerum.

158 3772 191 3808 ⁹⁷
233 3772 274 3829 lie
304 3773 470 3831 aurificibus
498 3773 707 3832 Germanorum
735 3775 811 3831 conf.
839 3771 1051 3848 Wackernagel
1070 3773 1101 3828 in
1123 3771 1217 3846 llaupt

117 3863 251 3922 Zeitschr.
283 3865 332 3920 tur
356 3863 491 3922 lleutsche
511 3865 578 3942 Spr.
598 3865 649 3923 IX.
668 3884 698 3940 p.
720 3863 788 3928 538,
806 3864 857 3939 qui
877 3861 993 3938 exponit
1010 3862 1042 3916 in
1063 3861 1217 3918 Germania

115 3963 210 4010 vetere
243 3973 302 4010 non
332 3953 425 4010 solum
454 3973 562 4020 servos,
589 3955 638 4011 sed
668 3953 755 4010 etiam
787 3953 917 4010 homines
936 3952 1042 4007 liberos
1061 3959 1088 4006 et
1108 3947 1218 4006 nobiles

116 4044 251 4100 aurifices
269 4042 366 4100 fuisse.
405 4044 440 4100 ln
460 4043 594 4120 pluribus
613 4044 725 4120 legibus
745 4041 915 4099 Germaniae
936 4039 1036 4097 veteris
1055 4037 1154 4098 servis,
1166 4036 1217 4112 qui

116 4131 250 4188 aurifices
269 4142 347 4195 sunt,
374 4133 499 4208 pretium
531 4134 625 4190 maius
653 4141 791 4190 statutum
813 4139 870 4190 est:
892 4132 923 4188 in
943 4130 997 4205 leg.
1020 4127 1080 4186 Sel.
1100 4123 1218 4189 XXXV,

116 4221 134 4279 5
164 4222 222 4296 (ed.
244 4219 369 4281 Merkel.
385 4233 412 4280 et
432 4243 497 4280 nov.
521 4222 603 4296 lom:
623 4227 652 4280 si
671 4225 740 4297 qnis
751 4224 882 4296 fabrum
892 4221 1074 4296 serrarium
1094 4217 1141 4272 uel
1158 4234 1215 4270 urr-

115 4313 236 4388 rsflcem
262 4321 318 4368 unt
342 4316 523 4388 porcarium
555 4316 602 4371 oet
629 4315 787 4370 vinitorem
806 4320 862 4368 unt
880 4318 1042 4368 stratorem
1052 4305 1220 4382 serraverii

114 4409 171 4457 ant
202 4402 357 4468 occiderit,
376 4403 415 4462 30
434 4405 520 4461 solid.
542 4404 703 4478 culpabilis
724 4403 892 4468 indicatum·
910 4401 942 4458 in
962 4399 1016 4475 leg.
1038 4396 1129 4456 Alam.
1151 4393 1228 4450 illo*
