3158 5464
344 583 406 649 114
628 582 721 645 Anu.
744 579 823 645 Sne.
868 578 897 642 Τ
922 597 933 640 1
957 595 988 642 u.
1010 575 1056 642 X.
1101 582 1115 663 t
1139 578 1167 640 2.

345 777 474 840 nificare,
503 775 540 834 ci.
571 774 659 832 Frics.
690 774 758 831 Wb.
814 815 821 829 .
853 771 919 830 736.
951 768 1033 828 1028.
1074 768 1111 825 In
1132 769 1214 827 titulo
1234 771 1304 846 legis
1323 769 1449 830 frisione

345 885 380 925 ex
408 884 471 922 meo
498 864 606 921 iudicio
636 872 766 920 sunctum
787 871 839 926 est,
862 870 892 918 ut
912 860 1024 917 debitor
1043 859 1195 936 pecuniam
1216 860 1318 917 reddat
1337 869 1367 917 et
1385 863 1454 937 qui-

347 954 415 1013 dem
446 953 559 1010 »talem
589 951 756 1028 pecuniam,
781 951 876 1025 qualis
895 950 921 1006 ei
951 949 1087 1025 praestita
1116 953 1191 1013 ost”‚
1209 949 1230 1005 i.
1251 968 1276 1006 e.
1296 952 1451 1024 pecuniam

346 1043 473 1102 eiusdem
493 1041 616 1118 generis.
656 1040 763 1097 Confer
782 1039 1011 1096 constitutionem
1032 1037 1103 1113 legis
1122 1036 1245 1094 Frisioae
1271 1039 1450 1096 recentioris:

346 1153 380 1190 sn
410 1151 446 1188 ne
472 1133 554 1187 uchel
575 1149 625 1186 mn
646 1131 714 1186 ther
734 1148 789 1185 neu
809 1130 886 1184 weir
904 1127 937 1201 (i.
955 1145 981 1184 o.
1003 1126 1175 1201 mercedem)
1197 1127 1296 1184 othere
1316 1145 1362 1183 mu
1381 1127 1452 1184 relce

346 1223 445 1296 iestha
475 1219 574 1282 binde,
601 1237 666 1275 men
686 1220 753 1274 also
773 1219 841 1274 loire
854 1215 1015 1287 soreword
1032 1213 1158 1271 tebbath
1177 1234 1271 1272 wesen
1292 1217 1325 1288 (i.
1345 1235 1370 1272 o.
1390 1235 1451 1273 uon

344 1310 430 1366 alitor
459 1327 547 1382 quam
578 1307 655 1363 inter
684 1325 713 1362 se
743 1306 973 1381 convenerunt);
1003 1307 1030 1360 ic
1052 1306 1110 1368 hit.
1129 1306 1192 1362 thet
1212 1324 1263 1362 mn
1282 1307 1451 1380 therbuppa

345 1400 422 1454 coeio·
451 1399 507 1453 wel
533 1396 618 1460 reka.
647 1415 682 1454 en
702 1397 782 1452 schel
800 1397 848 1452 tlee'
858 1394 967 1469 flurde
982 1395 1102 1467 pannio
1123 1395 1263 1468 assaltu,
1284 1393 1374 1450 Fries.
1395 1395 1451 1470 Rq.

345 1507 375 1564 p.
408 1485 473 1547 195.
507 1485 538 1541 11
571 1495 599 1542 et
622 1484 656 1542 16
675 1493 702 1540 et
723 1484 759 1541 of.
779 1493 868 1540 const.
888 1503 915 1539 a.
939 1481 1009 1538 1371
1031 1480 1122 1538 linies.
1144 1482 1196 1557 Rq.
1219 1503 1248 1559 p.
1269 1481 1336 1540 3114.
1375 1482 1452 1543 Vide

345 1576 401 1650 leg.
430 1573 550 1649 Ripunr.
580 1572 712 1636 xxxvl.
734 1572 782 1628 ll:
803 1575 920 1646 siquis
941 1571 1140 1645 weregeldum
1160 1573 1270 1628 solvere
1289 1572 1382 1636 debet,
1402 1574 1451 1629 bo-

346 1681 409 1720 uem
433 1681 529 1736 pro..
563 1663 671 1719 solidis
691 1663 820 1724 tribuat,
841 1679 962 1718 vaccum
976 1677 1086 1732 pro...
1106 1678 1261 1734 eqmem...
1279 1668 1451 1734 matam...

344 1753 499 1809 bruniam.
512 1790 536 1814 .‚
557 1752 740 1812 helmum...
759 1751 944 1823 beinberqns.
957 1788 981 1812 .‚
1001 1756 1120 1806 scottum
1139 1766 1206 1804 eum
1229 1750 1345 1806 tuncea.
1358 1787 1381 1811 .,
1399 1769 1451 1806 ac-

345 1847 489 1914 ceptorem
516 1848 592 1906 ete.,·
622 1848 650 1895 et
668 1839 699 1895 in
722 1836 849 1896 0stfries.
868 1835 976 1917 Londr.
997 1835 1050 1892 [ΙΙ.
1071 1854 1094 1893 c.
1116 1834 1169 1894 24:
1192 1837 1342 1913 doetsloye
1360 1841 1451 1895 mach

347 1948 414 1987 meu
446 1947 598 1985 uersoenen
630 1948 673 2003 up
692 1930 748 1985 dre
769 1929 935 1984 terminon:
955 1927 991 1982 de
1010 1933 1087 1983 erote
1105 1928 1164 1981 mit
1182 1927 1276 2001 qelde.
1295 1927 1333 1984 de
1350 1928 1453 1984 ander

344 2021 403 2074 mit
431 2019 550 2081 beesten.
582 2018 640 2074 den
672 2017 787 2073 dorden
819 2018 876 2072 mit
905 2015 1051 2071 lnekenen.
1091 2013 1127 2070 Et
1149 2015 1224 2072 conf.
1245 2017 1338 2090 pretia
1358 2017 1451 2081 bovis,

344 2124 455 2169 vaccae,
485 2105 578 2169 vituli,
606 2105 676 2168 ovis.
695 2106 834 2162 frumenti
854 2112 882 2161 et
901 2104 996 2160 meilis
1015 2104 1046 2160 in
1067 2102 1129 2180 lego
1149 2103 1296 2160 Saxonum
1316 2123 1341 2162 c.
1363 2104 1402 2162 34
1422 2113 1452 2162 et

345 2193 383 2251 66
409 2193 455 2251 ed.
475 2192 596 2252 Merkel.
615 2203 643 2250 et
662 2193 693 2249 in
714 2193 806 2269 Capit.
827 2193 934 2251 Soxon.
952 2211 980 2249 a.
1001 2191 1058 2249 797
1077 2211 1101 2248 c.
1126 2191 1156 2247 11
1179 2200 1295 2256 statuta,
1313 2193 1451 2268 inprimis

344 2291 439 2338 antem
467 2282 545 2356 quod
574 2282 605 2338 in
628 2283 692 2339 iuro
710 2291 805 2339 vetere
825 2281 1035 2338 Germanorum
1056 2279 1323 2355 septentrionalium
1343 2283 1451 2339 consti-

343 2380 438 2428 tutum
469 2379 511 2426 ost
534 2369 569 2427 do
591 2389 727 2427 mensura
745 2369 872 2445 quadam
892 2371 982 2446 panni
1003 2369 1036 2444 (i.
1057 2388 1083 2427 e.
1103 2389 1120 2423 »
1132 2368 1295 2441 vad-mauu
1316 2370 1379 2426 loco
1399 2390 1451 2448 pe-

342 2462 445 2517 cuniae
475 2467 568 2516 certae
599 2459 708 2523 danda,
738 2459 802 2515 vide
834 2459 933 2515 Witda
963 2459 1067 2516 Struit.
1098 2477 1129 2533 p.
1160 2456 1228 2521 329,
1259 2457 1386 2516 ltietrich
1416 2461 1449 2516 in

343 2549 439 2623 Haupt
471 2548 604 2606 Zeitsohr.
634 2546 669 2605 X.
698 2566 728 2623 p.
757 2544 814 2604 233
841 2556 870 2604 et
897 2546 1050 2603 Weinhold
1078 2545 1210 2603 Attnord.
1231 2545 1340 2610 Leben,
1362 2547 1450 2610 1856.

341 2656 372 2712 p.
406 2634 477 2700 1213
508 2644 536 2692 et
565 2635 640 2692 conf.
670 2635 742 2693 Fris.
772 2635 939 2692 west-merto
967 2643 994 2691 et
1025 2635 1185 2691 lein-merle
1213 2634 1245 2690 in
1264 2633 1355 2691 Fries.
1378 2635 1449 2694 wb.

342 2745 375 2801 p.
394 2723 460 2781 924.
484 2723 621 2781 1130101
642 2724 759 2779 »libras
779 2723 840 2779 lani
862 2731 890 2779 et
908 2723 983 2779 lini''
1005 2723 1081 2779 infra
1102 2730 1161 2779 not.
1183 2721 1229 2780 98.

386 2812 416 2848 ⁶⁶
459 2811 494 2869 ln
513 2812 637 2888 capitulo
658 2811 696 2869 68
716 2812 790 2868 tituli
813 2810 859 2868 111
889 2811 964 2874 ndu.
983 2797 1169 2868 constitutum
1189 2821 1241 2875 est,
1260 2823 1292 2868 ut
1311 2812 1450 2871 dominus

342 2901 451 2958 damna
470 2910 632 2977 compenset
651 2919 726 2976 quac
745 2919 836 2976 equus
855 2919 923 2957 suus
943 2900 1051 2965 fecerit.
1070 2909 1156 2975 atque
1171 2901 1204 2956 in
1215 2918 1277 2976 cap.
1292 2901 1305 2956 l
1320 2903 1363 2959 tit.
1377 2902 1449 2961 vttt

343 2989 428 3054 cdd..
457 2999 488 3046 ut
508 2989 642 3046 dominns
665 2989 743 3046 idem
763 2989 861 3052 faciat,
878 2989 901 3044 si
922 3008 1029 3064 equum
1049 3007 1133 3045 suum
1153 2989 1239 3045 alicui
1261 2990 1378 3067 pignori
1398 2993 1449 3049 dc-

344 3077 436 3137 deritz
467 3078 499 3132 in
529 3078 655 3153 capitulo
685 3077 703 3132 2
732 3079 776 3134 tit.
805 3077 832 3133 X
859 3077 934 3136 ndo.
953 3086 1050 3135 autem
1069 3086 1253 3154 praeceptum
1270 3088 1322 3144 est.
1341 3089 1376 3137 ut
1396 3082 1449 3137 do-

343 3167 439 3222 minus
467 3165 533 3240 eqni
565 3166 640 3222 nihil
668 3165 775 3222 solvat:
797 3167 848 3222 »si
867 3167 997 3223 caballus
1016 3166 1066 3242 qui
1086 3167 1239 3243 praestitus
1258 3176 1330 3232 erut,
1349 3169 1448 3245 ipsum

342 3255 393 3331 qui
422 3254 507 3311 illum
537 3254 651 3316 habuit.
670 3253 797 3311 calcibus
823 3255 961 3330 percussit
989 3263 1039 3311 aut
1073 3256 1145 3311 forto
1173 3255 1306 3314 occidit''.
1346 3257 1447 3314 Wilda

342 3345 446 3404 Strafr.
476 3365 504 3420 p.
533 3343 591 3401 556
618 3343 654 3401 de
682 3344 735 3400 hoc
755 3343 867 3400 decreto
894 3343 1029 3402 adnotate
1049 3343 1097 3400 Es
1117 3347 1157 3400 ist
1177 3345 1241 3400 dies
1260 3345 1344 3401 locine
1364 3345 1447 3404 Eut-

341 3434 506 3507 celteidunp
535 3433 592 3489 der
611 3430 788 3506 Bitttgteit,
818 3435 875 3488 wie
910 3431 1018 3506 Gaupp
1053 3431 1153 3490 Gesetu
1182 3434 1238 3489 der
1268 3432 1448 3512 Theire'nqer

335 3543 372 3597 p.
403 3520 460 3579 399
489 3527 570 3594 scgt,
589 3520 718 3576 eundern
739 3521 790 3577 des
809 3529 948 3596 strengen
968 3519 1092 3577 Rechtes
1103 3539 1117 3587 ,·
1135 3522 1192 3578 der
1208 3521 1345 3578 Intuebor
1365 3527 1448 3581 einer

320 3609 437 3674 *Socho
467 3616 533 3664 έναι
561 3627 602 3664 nn
633 3608 684 3664 die
715 3607 806 3664 Stelte
836 3610 888 3666 des
918 3609 1065 3684 Eigners‚
1095 3628 1180 3667 wenn
1210 3629 1244 3666 er
1275 3611 1377 3671 durch
1397 3616 1445 3670 eiu

339 3698 591 3773 Rechtsgesetofl
620 3698 653 3752 in
680 3697 737 3753 den
771 3696 874 3755 Beeitz
893 3699 951 3755 der
971 3697 1066 3755 Scehe
1083 3699 1254 3774 geltommen
1274 3717 1355 3765 coar.
1374 3705 1445 3759 wel»

341 3791 407 3846 ekes
437 3787 572 3861 zoyleieh
600 3787 678 3842 aocet
707 3787 771 3842 ilum
802 3786 899 3850 selbot,
920 3789 1003 3844 nieht
1024 3786 1091 3844 dem
1110 3787 1232 3863 Eigner
1250 3789 1344 3844 ollein
1366 3787 1401 3846 V
1398 3810 1444 3847 or·

340 3873 417 3934 tteit
442 3876 611 3949 gemalem,
638 3894 662 3930 s.
694 3873 759 3932 Ed.
786 3874 935 3932 Rothcrt's
964 3896 989 3934 c.
1018 3875 1096 3933 332:
1118 3876 1155 3933 St
1173 3879 1242 3952 quis
1258 3881 1443 3952 praestitum

338 3973 394 4022 out
421 3963 601 4020 conductum
630 3964 771 4019 hubeeeoit
803 3966 964 4030 caballum,
991 3967 1039 4022 oet
1065 3967 1172 4030 bouem
1190 3975 1247 4022 aut
1266 3985 1381 4032 canem.
1400 3971 1446 4025 uel

338 4053 488 4129 quodlibet
515 4054 680 4125 peculium,
701 4061 729 4108 et
748 4053 823 4110 dum
842 4057 876 4110 in
895 4057 960 4128 ipso
978 4054 1115 4127 beneficio
1135 4062 1162 4110 et
1182 4056 1372 4112 conductum
1391 4066 1444 4122 est,

237 4217 240 4221 Ι
337 4141 535 4200 homicidium
555 4142 672 4213 fecerit
697 4149 754 4197 out
782 4142 939 4207 damnum.
967 4160 1024 4199 non
1045 4144 1227 4217 requiratur
1237 4147 1373 4218 properio
1391 4146 1443 4202 do·

336 4233 427 4294 mino,
451 4230 505 4286 sed
533 4231 585 4287 itta·
604 4232 658 4304 qui
677 4231 856 4288 conductum
875 4240 933 4288 aut
944 4234 1133 4305 praestitum
1153 4234 1270 4296 habeut,
1292 4240 1321 4288 et
1341 4237 1440 4308 epsum

335 4317 534 4379 omicidium
562 4326 618 4373 out
637 4319 785 4377 domuum
811 4329 966 4395 componat
986 4319 1075 4396 [conf.
1095 4320 1202 4378 Stobbc
1221 4319 1256 4377 lt.
1278 4319 1439 4399 Vertrngsr.

332 4428 362 4485 p.
391 4404 472 4482 2641.
520 4404 724 4482 Bnctcutgee
753 4411 816 4465 eine
847 4411 943 4466 solete
973 4408 1079 4474 Socho,
1101 4430 1126 4469 u.
1147 4405 1186 4466 B.
1209 4412 1257 4466 ein
1277 4411 1441 4485 petionem
