3144 5460
507 565 580 614 LEX
600 563 808 616 ramosum
1163 569 1215 620 vn

111 764 294 849 Bremsnsi‚
320 791 418 836 naves
441 791 573 837 cursum
596 780 740 838 tenentes
764 794 784 837 a
805 769 890 840 Ribe
913 767 1038 838 Danica
1062 773 1143 839 urbe
1167 773 1217 866 (iu

111 872 220 939 littore
255 875 443 942 occidentali
480 876 616 942 ducatus
652 874 868 944 sleswicensis
903 877 978 968 sita)
1014 876 1056 943 ad
1086 876 1218 946 Prowle

110 978 267 1064 oppidum
303 977 482 1068 Anglicum
518 980 567 1074 (in
603 984 821 1068 promontorio
862 982 995 1049 australi
1033 982 1220 1063 Britanniae

111 1081 200 1149 haud
224 1086 338 1172 procul
362 1109 382 1151 a
404 1085 584 1174 Plymouth
607 1087 689 1154 urba
713 1085 837 1178 situm),
860 1087 971 1155 invehi
996 1089 1142 1154 solebant
1165 1088 1219 1155 lit·

111 1191 175 1255 tori
202 1188 375 1257 Flandriae
406 1194 453 1258 ad
475 1193 616 1280 &nesah
640 1191 728 1279 quod
751 1192 907 1260 Albertus
931 1193 1029 1259 abbas
1053 1192 1220 1261 Studensis

110 1292 198 1359 eirca
221 1317 340 1362 annum
366 1298 457 1362 1264
480 1299 656 1363 confirmat.
703 1295 802 1363 Auno
829 1300 917 1364 1241
943 1299 1094 1380 Thomas,
1110 1322 1216 1367 comes

27 1465 31 1474 ,
110 1396 304 1482 Flandriae,
338 1404 425 1469 cives
461 1403 572 1489 oppidi
607 1402 658 1468 sui
691 1401 798 1467 Muda
833 1403 899 1492 (ter
933 1402 1084 1491 Muyden
1114 1427 1217 1494 prope

110 1501 212 1592 Sluys
235 1506 269 1571 in
292 1503 463 1590 Flandria)
491 1507 640 1573 liberavit
664 1507 704 1572 ab
728 1509 813 1573 omni
842 1509 956 1575 teloneo
992 1510 1134 1576 solvendo
1168 1514 1218 1578 in·

99 1613 163 1698 fra
186 1611 293 1676 villam
316 1613 461 1691 Modum,
484 1613 572 1699 infra
595 1612 702 1677 villam
718 1611 807 1678 Dum
830 1611 1010 1703 (Damme),
1034 1617 1218 1702 standique

108 1715 194 1804 infra
212 1729 344 1804 portam
374 1719 430 1804 qui
455 1719 631 1804 ·cal9aritcr
667 1719 779 1782 dr'citur
819 1716 941 1806 Cincfcl
970 1728 1070 1805 atque
1103 1720 1217 1788 eadem

108 1821 209 1888 verba
239 1823 398 1888 iterantur
429 1822 463 1886 in
493 1809 697 1888 documento
710 1821 785 1886 anui
812 1821 919 1901 1275,
953 1823 987 1888 iu
1012 1846 1077 1910 quo
1101 1847 1217 1894 nomen

107 1937 222 2014 portus
253 1928 407 2014 scriptum
443 1937 492 1993 est
527 1973 547 2007 „
573 1925 722 2014 Sinosol'.
768 1925 814 1992 Et
845 1926 943 2014 paulo
974 1938 1048 2014 post
1078 1938 1217 1998 testatur

107 2031 321 2099 Maerlandus
351 2033 561 2112 Flandrious,
602 2031 659 2119 qui
690 2031 775 2097 circa
805 2053 925 2098 aunum
955 2033 1045 2099 1286
1071 2035 1216 2122 scripsit,

108 2133 233 2203 Sinkial
273 2139 441 2225 antiquum
480 2161 539 2204 suo
574 2148 718 2226 tempore
753 2159 868 2203 nomeu
902 2136 1021 2204 Zwene
1053 2141 1213 2228 recepisse

108 2243 252 2327 (Mene,
276 2245 331 2308 dat
353 2246 414 2310 tica
437 2245 519 2309 siden
543 2245 604 2309 tier
625 2243 777 2328 Sincoal).

155 2345 361 2428 Quaeramus
397 2359 521 2428 autem,
558 2371 623 2434 quo
647 2349 718 2413 loco
743 2348 822 2412 situs
846 2345 945 2415 fuerit
969 2359 1002 2414 et
1026 2372 1107 2435 quos
1130 2352 1210 2420 fines

107 2452 258 2521 habuerit
279 2453 399 2520 fluvius
421 2454 474 2520 vel
497 2465 626 2542 portus,
659 2453 715 2540 qui
747 2449 893 2518 siuks
900 2453 944 2520 al
975 2453 1093 2522 dicitur
1116 2458 1150 2522 in
1173 2459 1212 2525 iis

107 2557 315 2640 documentis,
339 2582 422 2646 quae
446 2558 522 2626 inde
541 2583 561 2624 a
584 2559 713 2625 saeculo
737 2569 851 2625 octavo
868 2581 971 2646 usque
987 2558 1029 2625 ad
1045 2564 1211 2631 saeculum

107 2661 264 2730 decimum
298 2677 450 2750 quartum
482 2665 602 2752 scripta
634 2674 718 2729 sunt.
766 2662 927 2750 Tempore
950 2663 1007 2730 illo
1031 2667 1120 2732 sinus
1142 2691 1211 2736 ma·

105 2769 232 2834 ritimus
264 2768 397 2856 quidam
428 2771 460 2834 in
492 2780 611 2835 terram
635 2767 841 2834 Flandricam
864 2769 909 2833 ita
932 2771 1140 2852 excurrebat,
1172 2785 1210 2841 ut

106 2872 258 2939 efflueret
284 2875 317 2940 in
341 2873 488 2939 Huntam
513 2874 566 2939 vel
590 2874 706 2939 ostium
728 2872 867 2937 fluminis
891 2873 1038 2940 hodierni
1061 2873 1209 2945 Wester·

104 2976 235 3046 schelde
267 2977 372 3068 (quod
403 2990 451 3045 est
480 2979 565 3044 inter
593 2977 730 3045 insulam
757 2975 956 3045 Walacriam
980 2976 1209 3051 Selandensem

26 3092 28 3094 ’
105 3094 138 3149 et
169 3081 384 3151 Cadsandiam
415 3083 620 3150 Flandricam
639 3084 677 3175 7)
713 3092 745 3148 et
777 3083 907 3169 quidem
942 3085 1026 3150 inter
1057 3083 1207 3155 Gadsand

105 3200 137 3256 et
169 3189 326 3258 Biervliet
356 3215 397 3257 ex
421 3190 556 3256 adverso
588 3189 773 3276 Vlissingen
801 3187 938 3275 oppido,
970 3187 1058 3275 quod
1090 3203 1139 3258 est
1172 3194 1207 3261 in

105 3293 289 3375 Walacria,
323 3306 421 3383 atque
452 3295 528 3362 inde
559 3294 601 3362 ad
632 3293 800 3382 Bruggam
831 3316 936 3379 usque
967 3296 1203 3384 porrigeretur,

104 3399 230 3487 oppidis
260 3401 422 3469 hodiernis
453 3399 550 3468 Slusa
582 3410 615 3466 et
638 3399 775 3464 Damme
798 3399 831 3463 in
855 3399 955 3465 latere
978 3399 1106 3466 relictis.
1153 3403 1206 3470 Ne

103 3506 270 3572 inundatio
294 3509 390 3573 maris
414 3506 527 3573 urbem
551 3505 719 3593 Bruggam
735 3503 827 3569 nimis
843 3503 994 3584 laederet,
1011 3528 1095 3572 auno
1115 3509 1205 3578 1180

103 3635 205 3701 agger
238 3611 368 3698 quidam
399 3614 433 3679 in
457 3613 529 3677 sinu
551 3610 607 3676 illo
631 3620 680 3675 est
703 3620 916 3690 constructus,
940 3632 1005 3696 quo
1028 3611 1062 3677 in
1085 3634 1206 3702 aggere

102 3716 199 3804 paulo
222 3729 295 3807 post
317 3719 395 3786 urbs
419 3718 565 3798 Damme,
587 3717 608 3781 i.
633 3739 661 3781 e.
685 3737 794 3802 agger,
817 3713 984 3780 aedificata
1008 3726 1056 3781 est
1073 3720 1099 3798 ⁸,
1130 3742 1205 3806 pos-
1267 3719 1285 3810 5,Ἰ

103 3827 220 3892 teriora
255 3835 363 3892 autem
401 3835 546 3912 tempore
581 3821 742 3890 emissaria
772 3820 906 3912 propius
937 3820 979 3888 ad
1009 3845 1097 3888 mare
1128 3837 1204 3895 sunt
1282 3813 1284 3818 ¹

96 3997 251 4018 m-

137 4070 151 4119 ⁷
186 4067 300 4132 Tempus
327 4066 462 4127 antiquum
487 4063 558 4113 haud
584 4059 710 4125 cognovit
735 4059 924 4124 aquaeductum
950 4060 1032 4111 latum
1050 4075 1081 4111 ac
1097 4063 1204 4126 prolun-

103 4150 162 4198 dum
189 4147 305 4198 Scaldim
331 4144 517 4195 occidentalem
543 4142 585 4192 rel
610 4139 820 4192 Westcrschclde
846 4138 957 4202 dictum,
972 4154 1049 4202 quem
1076 4141 1202 4196 hodierno

103 4229 144 4278 die
170 4228 298 4292 plurimae
323 4239 403 4276 naras
421 4229 446 4274 ct
463 4223 595 4272 maximas
621 4220 760 4285 navigant,
777 4233 811 4269 ax
828 4216 1004 4283 Autwerpen,
1021 4222 1137 4286 emporio
1155 4225 1203 4274 flo-

11 4362 13 4366 ,
101 4308 256 4370 tentissime,
271 4308 299 4356 in
315 4319 387 4355 mare
404 4303 610 4370 proficiscentem
629 4301 688 4352 vide
699 4299 840 4374 ¹Stratingh
857 4297 963 4350 Aloude
973 4297 1047 4352 Stant
1063 4301 1085 4353 1.
1101 4318 1127 4367 p.
1145 4309 1203 4363 11⁸,

106 4392 152 4443 12³
171 4401 196 4438 ct
212 4402 263 4438 rau
280 4388 329 4438 don
346 4379 435 4455 Bergh
452 4383 600 4437 Handboek
616 4399 642 4454 p.
661 4386 702 4433 85.
