3144 5460
362 567 477 617 xrvm
794 562 865 612 nrx
886 561 1093 610 rrlslouun.

364 821 384 854 „
409 774 640 850 tinorum,
664 769 748 836 hoo
772 779 821 834 est
843 759 1230 856 Thurirgo'rum”,
1256 780 1289 835 et
1316 771 1489 859 inscripta

362 891 458 948 sunt:
498 878 586 944 Hace
625 877 737 942 iuditio
783 875 815 940 V
818 874 1009 942 VLEMAR
1017 875 1068 942 Vs
1105 875 1240 941 dictavit.
1300 875 1487 964 Equidem

362 985 470 1052 iudico
505 982 647 1070 capitulo
670 981 756 1046 dicte
778 1003 842 1046 non
866 1003 936 1048 esse
960 990 1085 1067 purtem
1110 979 1190 1068 legis
1210 979 1487 1072 Thuringum,
1532 987 1533 1012 ,

362 1091 420 1158 sed
455 1101 577 1177 partem
614 1087 696 1176 legis
730 1086 933 1166 Frisiorum,
968 1095 1068 1172 etque
1098 1109 1136 1150 ea
1163 1085 1247 1152 hero
1270 1087 1314 1152 ob
1346 1111 1486 1156 causam

362 1197 514 1266 extremis
537 1194 645 1261 verbis
668 1194 748 1282 legis
772 1192 956 1260 Prisianum
979 1190 1109 1257 subieci.
1302 1181 1305 1186 Δ

410 1304 503 1368 Duos
536 1299 693 1366 hebemus
732 1309 841 1364 textus
873 1298 953 1388 legis
983 1296 1243 1386 Thuringorum,
1268 1299 1429 1366 alterum
1452 1301 1483 1364 ir

361 1410 472 1476 codice
507 1405 723 1492 manuscripto
757 1404 832 1470 olim
857 1401 1044 1470 corbeiensi
1068 1425 1154 1468 runo
1177 1427 1255 1470 vero
1279 1404 1483 1472 Pederbor-
1532 1485 1533 1490 ἵ

360 1515 461 1594 uersi,
485 1513 623 1578 alterum
646 1513 680 1576 in
704 1510 894 1576 collectione
916 1509 1025 1598 legum
1049 1508 1266 1586 Heroldisna3
1292 1509 1480 1576 editionem
1532 1495 1533 1554 l

361 1623 445 1688 enlm
482 1613 731 1694 Heroldienam,
768 1625 805 1680 ut
840 1637 901 1701 ego
938 1615 1060 1694 sertio,
1091 1625 1221 1682 secutus
1246 1628 1296 1680 est
1328 1617 1371 1682 in
1409 1616 1481 1702 lege

363 1725 610 1810 Thuringorum
631 1719 757 1788 edenda
773 1719 985 1808 Linderbrog
1017 1717 1147 1808 (Codex
1178 1720 1288 1808 legum
1317 1723 1479 1808 entique-

361 1854 450 1910 rum,
480 1825 687 1894 Francofurti
721 1827 838 1916 1603),
870 1823 959 1912 quod
982 1827 1143 1914 integrum
1178 1827 1312 1914 reliquit
1351 1827 1478 1892 Iohen·
1532 1801 1533 1822 ἓ

362 1960 421 2006 res
456 1933 586 2001 Merkel
621 1933 655 1998 iu
678 1931 770 2020 Lege
794 1931 992 2020 Angliorum
1021 1941 1054 1997 et
1078 1929 1308 2012 Werinorum,
1332 1935 1406 2000 hoo
1430 1942 1477 1998 est

361 2043 623 2128 Thuringorum,
658 2037 804 2104 Beroliui
842 2038 943 2103 1851.
977 2061 1009 2125 p.
1045 2040 1077 2102 4.
1124 2035 1166 2103 lu
1202 2036 1313 2104 codice
1357 2061 1475 2105 maru·

361 2149 481 2233 scripto
512 2141 698 2210 Corbeiensi
732 2143 853 2210 saeculi
889 2141 1020 2221 decimi,
1056 2140 1186 2230 dequo
1213 2145 1316 2211 verbs
1339 2146 1427 2212 fecit
1448 2144 1473 2207 I.

361 2251 491 2320 Merkel
525 2250 559 2315 iu
595 2247 687 2337 Lege
723 2245 907 2327 Saxonum,
938 2247 1084 2314 Berolini
1118 2248 1218 2314 1853.
1242 2273 1273 2337 p.
1299 2251 1321 2314 3
1348 2263 1387 2318 ct
1413 2254 1474 2328 21,

362 2359 479 2426 desunt
512 2353 632 2422 iudicio
664 2352 863 2432 Wulemari3
894 2355 1049 2444 leguntur
1082 2353 1115 2418 iu
1147 2353 1288 2422 editione
1314 2353 1472 2422 Heroldi·

361 2489 441 2545 ana,
465 2472 498 2530 et
522 2460 653 2547 quidem
676 2461 710 2525 in
733 2460 797 2526 fine
821 2460 943 2547 primae
967 2460 1067 2546 pertis
1091 2459 1172 2547 legis
1205 2461 1470 2551 Thuriugorum,

359 2593 448 2659 quae
486 2565 563 2632 facit
601 2567 635 2632 in
671 2563 781 2631 codice
816 2567 1033 2652 manuscripto
1070 2562 1258 2634 corbeiensi
1293 2567 1471 2634 secundem

362 2677 444 2766 legis
479 2681 612 2761 portem.
671 2671 880 2761 Incognitum
915 2670 1069 2738 hebemus
1101 2672 1242 2740 codicem
1268 2673 1469 2759 manuscrip·

362 2794 450 2862 tum,
482 2803 547 2867 quo
580 2800 657 2845 usus
682 2790 731 2844 est
754 2777 880 2845 Herold
903 2779 936 2846 in
960 2779 1032 2868 lege
1057 2778 1300 2867 Thuringorum
1324 2777 1469 2853 edenda,

363 2909 510 2954 censeam
541 2885 678 2951 eundem
711 2885 824 2961 fuisse,
849 2909 913 2971 quo
938 2908 1016 2952 usus
1040 2897 1089 2951 est
1113 2885 1146 2950 ir
1170 2886 1242 2972 lege
1266 2885 1468 2958 Frisiorum,

363 3015 404 3059 ex
436 3013 501 3076 quo
533 2988 599 3054 solo
631 2999 739 3054 textus
770 2991 850 3078 legis
882 2990 1066 3056 Frisiorum
1089 2991 1180 3056 nobis
1204 3002 1254 3056 est
1276 3001 1468 3057 reservatus.

363 3098 438 3165 Hoc
460 3096 494 3161 in
518 3091 629 3159 codice
652 3097 868 3182 manuscripto
892 3093 1011 3161 iudicia
1035 3094 1237 3174 Wulemari,
1260 3107 1298 3160 ut
1322 3097 1467 3168 videtur,

364 3227 428 3272 ron
463 3202 497 3266 ir
532 3198 637 3288 legem
671 3200 855 3267 Frisiorum
891 3211 982 3267 erant
1013 3201 1190 3288 adscripta,
1223 3201 1280 3266 sed
1306 3202 1339 3266 iu
1366 3203 1465 3289 legem

263 3366 266 3373 .
364 3308 628 3396 Thuringorum3
662 3305 774 3374 eadem
809 3317 918 3374 autem
952 3306 994 3372 ad
1030 3306 1136 3394 legem
1159 3305 1344 3372 Frisiorum
1369 3303 1467 3396 perti·

364 3441 460 3496 nere,
485 3414 704 3480 demonstrant
728 3437 813 3501 quae
836 3415 874 3480 iis
898 3413 1111 3480 continentur.

413 3521 536 3586 Mirum
571 3529 659 3584 certe
694 3521 826 3587 videtur
861 3521 992 3587 cuilibet
1027 3519 1164 3607 legenti,
1196 3529 1234 3584 ut
1256 3516 1465 3583 Wulemarus

366 3627 498 3724 quidem
534 3634 567 3688 et
602 3623 667 3712 legi
701 3624 886 3690 Frisiorum
917 3636 949 3690 et
972 3625 1038 3713 legi
1060 3624 1303 3712 Thuringorum
1327 3619 1464 3710 capitula

365 3740 521 3808 nonnulle
535 3732 696 3804 addiderit
713 3735 760 3810 ⁵⁹3
775 3729 809 3796 id
833 3743 939 3796 tamen
963 3731 1055 3818 parvi
1079 3731 1234 3818 pendsm3
1255 3731 1387 3796 maximi
1410 3747 1464 3792 ou·

366 3858 431 3914 tem
468 3855 517 3912 est
551 3838 720 3918 momenti,
750 3835 838 3925 quod
868 3838 920 3903 ius
950 3837 984 3902 iu
1008 3835 1134 3902 iudiciis
1157 3835 1358 3916 Wulemari,
1385 3829 1463 3922 quae

365 3953 398 4018 in
421 3963 515 4018 textu
537 3946 738 4015 Heroldiano
761 3944 842 4032 legis
865 3943 1109 4032 Thurirgorum
1136 3941 1305 4029 leguntur,
1330 3963 1395 4006 nor
1419 3944 1464 4004 est

362 4121 518 4138 m

399 4259 431 4304 59
467 4252 522 4303 Otr.
548 4251 644 4316 Gsupp
672 4250 730 4300 Lex
754 4248 836 4298 Thur.
861 4261 888 4310 p.
914 4251 979 4307 2393
1006 4247 1038 4296 Β.
1064 4245 1186 4298 Andreae
1210 4245 1252 4294 De
1270 4246 1326 4296 iure
1343 4240 1461 4301 municip.

364 4333 432 4392 Fris.
456 4347 482 4398 p.
509 4337 556 4393 ⁸43
582 4332 616 4381 H.
641 4330 738 4379 Mullsr
763 4327 823 4376 Lex
850 4325 905 4376 Sel.
922 4342 950 4390 p.
969 4331 1031 4388 1113
1051 4325 1082 4376 P.
1100 4325 1131 4376 Ο.
1148 4325 1306 4390 Molhuyser
1323 4324 1351 4374 iu
1368 4315 1465 4386 thhoff

365 4415 444 4480 ruer.
461 4411 512 4462 111.
529 4426 555 4478 p.
573 4415 614 4460 ει.
