3144 5460
336 523 360 568 X
776 519 847 566 LEX
868 517 1074 566 rnlslonlffl.

385 723 425 786 In
460 721 588 810 diplom.
620 745 647 786 a.
678 724 767 788 1314
792 723 977 789 Willelmus
1002 745 1107 788 comes
1131 722 1329 804 Hemoniae,
1354 724 1441 790 Hol-

337 827 463 893 landiae
487 839 546 892 eto.
571 827 603 890 in
627 825 761 892 feudum
785 828 841 894 dat
864 827 955 893 fratri
979 851 1037 892 suo
1063 829 1208 894 Ianuari
1228 831 1442 915 Henneponwe

339 957 408 999 oneo
431 935 497 998 lant
523 933 627 1011 Teooel,
653 934 716 1000 also
739 959 785 1020 wy
809 935 829 999 't
852 935 961 998 hebben
985 935 1122 1019 lipqende
1145 936 1281 1000 russelun
1305 939 1360 1001 dat
1382 938 1441 1012 zie,

340 1043 414 1105 ende
438 1041 635 1124 Moersdiepe
660 1042 734 1104 ende
758 1041 816 1104 den
848 1040 931 1118 Vlia,
955 1038 1069 1104 Mieris
1093 1038 1140 1103 ΙΙ.
1163 1062 1193 1125 p.
1227 1043 1302 1104 144.
1334 1041 1379 1105 Et
1411 1063 1440 1104 a.

342 1146 449 1209 1314:
481 1145 595 1220 Ieiuno
626 1146 662 1208 de
694 1145 856 1230 Hoynnan
870 1147 997 1230 faieone
1020 1146 1139 1229 opaooir
1163 1145 1183 1208 ὰ
1207 1158 1289 1224 tons,
1313 1169 1432 1230 que...

338 1274 414 1316 nono
445 1261 508 1314 eust
538 1249 676 1314 delivreic
707 1263 735 1314 er
766 1251 909 1314 aesseneit
939 1249 967 1314 le
998 1253 1141 1315 ternodo
1169 1251 1266 1316 Teeeel
1289 1275 1325 1316 en
1351 1248 1441 1316 Frise

345 1357 509 1441 ..pisant
541 1366 622 1420 entre
654 1353 825 1418 Damokzie
857 1367 884 1420 ec
916 1354 1111 1439 Moeridiept
1141 1366 1168 1419 et
1191 1355 1219 1420 le
1250 1355 1340 1444 Wye,
1363 1356 1440 1422 ibid.

337 1484 368 1546 p.
396 1462 470 1523 147.

385 1564 565 1651 Scriptores
597 1562 815 1628 Romanorum
847 1563 1044 1650 Pomponius
1068 1564 1157 1628 Mela
1181 1576 1214 1630 et
1238 1565 1364 1631 Plinius
1388 1590 1440 1632 re-

338 1671 447 1736 ferunt
481 1669 633 1734 Rhenum
669 1668 756 1733 haud
791 1668 903 1755 prooul
940 1693 958 1733 a
989 1670 1069 1735 mari
1094 1669 1252 1758 dispergi,
1285 1685 1373 1756 atqzte
1396 1677 1442 1737 od

340 1779 478 1841 deutrum
509 1777 573 1838 iam
605 1797 666 1838 nou
696 1797 833 1850 omnem,
858 1778 911 1839 sed
934 1777 1082 1861 lugientem
1105 1777 1221 1854 laeum,
1246 1772 1336 1842 Fleuo
1362 1777 1441 1855 dici3

340 1893 372 1945 et
407 1880 604 1964 Pomponius
636 1877 726 1943 Mela
758 1877 823 1942 III.
856 1902 882 1942 o.
916 1881 935 1942 2
969 1882 984 1962 §
1018 1882 1061 1944 70
1093 1881 1198 1945 addit:
1230 1884 1285 1947 nbi
1309 1886 1442 1949 eiusdem

340 1988 470 2052 nominis
508 1984 641 2049 insulam
683 1985 860 2068 amplexus,
884 1987 928 2072 fit
966 1987 1075 2050 iterum
1110 1989 1239 2065 motion,
1275 1991 1442 2078 iterumque

340 2093 450 2167 fluuius
483 2090 634 2154 omittitur.
683 2087 736 2152 Ex
768 2090 957 2154 auctoritate
982 2091 1144 2175 scriptoris
1169 2094 1338 2178 utriusque
1362 2105 1443 2158 tem-

340 2219 419 2283 pore
454 2194 673 2258 Romanorum
708 2193 814 2258 Rheni
850 2217 924 2281 pars
956 2197 1210 2281 septentrionalis
1245 2198 1378 2264 defluxit
1409 2202 1444 2264 in

341 2303 462 2378 lacum,
499 2322 609 2384 quem,
649 2321 751 2384 aeque
783 2310 879 2383 atque
911 2300 1045 2364 insulam
1078 2302 1238 2386 quandam
1263 2304 1296 2367 in
1331 2305 1442 2370 eodem

342 2410 451 2484 sitam,
488 2405 590 2469 Fleuo
624 2404 674 2468 vel
706 2404 844 2468 Flevum
877 2406 1140 2486 nominaveruut3
1168 2432 1208 2473 ex
1231 2409 1303 2474 laon
1335 2423 1443 2475 autem

342 2513 399 2577 illo
423 2511 541 2574 fluvius
566 2508 702 2574 Flevum
727 2511 845 2574 iterum
869 2511 986 2576 arctior
1010 2511 1114 2576 fac-tus
1130 2514 1162 2578 in
1179 2537 1332 2580 oceanum
1351 2517 1444 2581 emis·

343 2639 396 2682 sus
429 2628 485 2681 est.
533 2613 659 2694 LaouS,
684 2638 779 2699 quem
807 2617 978 2702 scriptores
1002 2616 1048 2680 illi
1073 2617 1183 2682 dicuni
1206 2619 1344 2686 Flevum
1369 2633 1402 2687 et
1426 2647 1445 2688 e

343 2736 486 2808 tempore
517 2720 661 2786 Romano
693 2723 811 2812 fluetus
847 2721 940 2786 valde
972 2734 1195 2804 mutaverunt,
1227 2727 1331 2793 medio
1364 2753 1445 2794 aevo

342 2830 524 2895 nominatur
555 2826 747 2893 Almone
769 2832 807 2906 ¹2,
839 2827 993 2893 hodierno
1027 2841 1171 2917 tempore
1195 2855 1310 2899 nomen
1346 2834 1446 2898 Zui-

344 2935 425 2999 der
441 2971 455 2982 -
472 2955 567 3010 ree,
599 2930 631 2995 id
665 2942 712 2996 est
735 2955 823 2997 mare
847 2936 1040 2998 austriaoum
1064 2935 1175 3014 habel,
1202 2938 1289 3022 quod
1305 2940 1446 3025 primum

345 3040 423 3106 mihi
455 3038 594 3103 occurrit
625 3038 658 3101 in
684 3038 814 3124 diplom.
838 3061 911 3104 ann.
937 3042 1026 3104 1272
1051 3051 1084 3106 et
1111 3045 1261 3109 197613.
1308 3044 1446 3111 Fluvius

345 3169 424 3211 vero
459 3145 532 3222 ille,
565 3145 621 3228 qui
653 3167 694 3208 ex
724 3144 798 3208 lacu
830 3144 886 3208 illo
917 3147 950 3209 iu
982 3169 1135 3213 oceanum
1167 3152 1446 3236 septentrionalem

348 3250 471 3328 influit,
503 3249 588 3314 omni
620 3259 763 3335 tempore
794 3272 909 3314 nomen
942 3253 1111 3337 antiquum
1142 3253 1280 3320 Flevum
1311 3257 1364 3321 vel
1392 3257 1447 3323 Fli

348 3357 495 3434 retinuit,
519 3378 625 3440 neque
650 3355 766 3418 ostium
790 3377 884 3420 suum
908 3359 1060 3434 mutavit;
1084 3359 1145 3422 nisi
1169 3362 1252 3426 enim
1276 3365 1381 3428 omnia
1396 3387 1447 3427 me

346 3462 486 3539 fallunt,
509 3470 596 3523 recte
630 3459 790 3538 iudicant,
823 3461 877 3544 qui
902 3473 1048 3541 censent,
1079 3461 1175 3528 Flevi
1206 3467 1321 3531 ostium
1348 3467 1447 3534 fuisse

349 3577 453 3642 aetate
484 3564 647 3642 Romana,
680 3563 735 3628 ubi
768 3565 862 3629 etiam
894 3565 988 3630 hodie
1019 3578 1084 3646 est,
1116 3570 1200 3635 inter
1223 3572 1342 3636 insulas
1366 3575 1448 3638 Ter-

348 3672 505 3756 schelling
529 3681 561 3734 et
585 3667 737 3734 Vlielaud
758 3673 797 3732 ¹4.
845 3670 1005 3756 Tempore
1028 3673 1125 3740 medii
1149 3675 1229 3755 aevi,
1254 3700 1318 3764 quo
1342 3679 1447 3744 insula

336 3808 494 3900 Ἡ
519 3849 627 3900 Almere
651 3847 747 3897 confer.
775 3847 838 3896 vna
864 3848 890 3898 S.
917 3849 1047 3899 Bonifaoii
1066 3865 1087 3900 o.
1105 3857 1147 3900 34.
1165 3857 1197 3902 38
1216 3854 1241 3902 in
1259 3854 1330 3904 Mon.
1349 3855 1448 3906 ΜΒ.

349 3934 384 3982 ΙΙ.
401 3949 427 3995 p.
445 3937 501 3980 349.
520 3935 584 3991 351;
605 3929 706 3977 dooum.
724 3943 777 3992 reg.
795 3927 898 3979 Ottouis
916 3945 939 3978 u.
958 3935 1017 3979 948.
1034 3936 1082 3980 953
1101 3948 1142 3996 up.
1159 3933 1236 3983 Heda
1253 3951 1278 3999 p.
1297 3941 1338 3984 84.
1363 3939 1404 3999 87,
1422 3945 1448 3986 et

348 4011 436 4074 regist.
453 4017 504 4060 vet.
521 4011 612 4058 bonor.
629 4008 765 4058 Ultroieot.
782 4009 822 4058 ed.
838 4009 915 4060 Hede
931 4027 957 4074 p.
976 4015 1016 4059 66.

387 4097 417 4139 13
452 4089 483 4137 Iu
501 4089 608 4152 diplom.
627 4103 650 4136 e.
672 4089 734 4136 1272
753 4097 777 4138 et
799 4091 861 4138 1276
879 4089 1016 4152 Haquiuue
1034 4098 1058 4140 et
1076 4091 1188 4156 Magnus
1205 4109 1279 4158 reges
1297 4094 1406 4147 Sueoiae
1422 4103 1448 4147 ei

351 4169 506 4231 Norwogiue
532 4175 734 4218 commemorant
760 4168 789 4216 de
815 4169 897 4218 steden
923 4185 957 4219 an
983 4169 1026 4220 der
1051 4168 1184 4235 Sudersee,
1210 4173 1250 4223 ale
1277 4172 1381 4241 Campen
1399 4185 1448 4226 eto.

350 4250 475 4299 Driessen
491 4261 551 4311 pag.
570 4252 627 4296 548.
645 4252 694 4296 552
713 4245 759 4309 (ex
778 4249 864 4312 orig).
1244 4265 1248 4271 ·

387 4333 417 4389 14
451 4327 525 4376 Cous.
553 4327 641 4376 Aoker
668 4326 800 4389 Stratingh
827 4328 933 4378 Aloude
952 4329 1033 4380 Sinai.
1051 4333 1071 4380 Ι.
1090 4349 1115 4397 p.
1135 4337 1191 4386 272.
1227 4338 1301 4400 Quae
1320 4337 1367 4388 viri
1385 4337 1447 4389 doe*
