3144 5460
325 574 387 620 XIV
734 573 804 618 Lex
825 571 1029 619 FBlSlONUM·

325 802 387 842 noa
418 777 570 860 lonpiore,
592 778 700 861 fertur
731 779 763 838 in
794 778 894 840 einum
921 778 1042 854 oceani,
1069 777 1119 839 eui
1141 775 1180 838 ab
1204 795 1293 836 alnae
1317 794 1429 836 nomen
1548 811 1549 846 i

325 886 365 948 de
397 878 623 958 Laetam-aee,
655 880 770 946 Mense
802 879 919 967 Alting
951 880 1074 946 Notitia
1098 877 1291 945 Germaniae
1315 877 1428 941 inferi-

324 989 388 1052 oris
419 986 466 1052 ΙΙ.
497 1010 526 1074 p.
562 988 638 1052 110.
693 986 812 1050 Fusius
844 983 1027 1072 disputatur
1051 985 1090 1049 de
1114 985 1245 1049 flumine
1269 983 1428 1047 Lauwers

324 1093 356 1155 in
383 1091 423 1156 A.
448 1088 617 1178 Stratingh
644 1089 773 1157 Aloude
798 1089 890 1156 Staat
913 1090 941 1156 Ι.
964 1115 995 1177 p.
1022 1093 1098 1156 287.

372 1301 409 1391 d)
435 1299 641 1365 Wisera:

372 1407 412 1470 In
437 1407 509 1492 lege
533 1404 617 1470 Fris.
641 1405 670 1471 Ι.
695 1406 796 1471 3-5.
834 1407 864 1470 8.
905 1407 957 1470 10.
985 1407 1036 1469 12.
1062 1406 1116 1469 21.
1148 1403 1222 1482 IX,
1261 1403 1313 1468 13.
1344 1403 1428 1483 XV,

327 1515 357 1578 3.
384 1509 471 1578 Add.
495 1510 572 1588 ΙΙΙ,
599 1512 652 1576 58.
678 1512 731 1577 68.
758 1512 819 1574 73:
849 1514 927 1576 inter
950 1507 1114 1575 Laebacdi
1137 1522 1166 1576 et
1196 1511 1357 1574 Wisaram.

373 1615 413 1679 In
449 1615 551 1681 Fries.
587 1615 681 1680 Kfire
720 1616 763 1680 10
799 1615 899 1703 (circa
935 1638 1054 1680 annum
1089 1617 1179 1680 1200
1211 1615 1363 1704 scripta):
1395 1618 1429 1679 ia

326 1724 471 1787 orientem
507 1721 549 1785 ad
592 1723 740 1786 Wiseram
775 1733 802 1784 el
837 1723 871 1785 in
906 1723 1088 1786 occidentem
1122 1743 1217 1805 aeque
1249 1721 1319 1796 Fli,·
1354 1719 1429 1784 vide
1550 1781 1551 1784 ,

326 1849 363 1889 su
388 1849 424 1891 ra
471 1825 535 1890 .V

366 1848 412 1996 lln
445 1849 574 2019 diplom.
606 1953 688 1996 anno
724 1933 831 1997 1415:
865 1933 985 1997 cuschae
1017 1933 1073 1997 dar
1103 1928 1249 1997 Laawers
1273 1934 1348 1996 ende
1373 1933 1431 1995 der

334 2039 474 2113 Wezew,
508 2034 796 2124 Schwartzenberg
827 2035 856 2101 I.
887 2061 918 2124 p.
950 2038 1035 2113 3893
1060 2060 1087 2101 a.
1115 2039 1221 2101 1421:
1246 2061 1338 2102 omen
1362 2037 1433 2098 lan·

328 2145 387 2207 den
427 2166 485 2205 aaa
530 2142 746 2208 Oeetvrz'eelaat
784 2154 872 2208 letter
910 2137 1092 2221 Lanam,
1133 2167 1194 2207 van
1232 2145 1308 2208 dair
1343 2153 1433 2207 letter
1551 2169 1552 2200 l

334 2248 549 2325 Oestereemee,
575 2250 648 2313 ende
671 2253 752 2312 voirt
775 2262 863 2314 sotter
895 2249 994 2325 lade,
1020 2249 1096 2313 eade
1120 2260 1206 2314 totter
1237 2249 1338 2313 Weeer
1367 2259 1432 2323 toa,
1551 2289 1552 2300 .

329 2350 435 2417 Sehw.
467 2352 495 2416 Ι.
519 2376 551 2439 p.
576 2355 643 2417 424
652 2377 662 2430 ;
686 2377 714 2417 a.
746 2355 853 2417 1421:
878 2355 937 2418 alle
961 2357 998 2418 de
1020 2355 1129 2433 lande,
1153 2354 1283 2439 eplande
1307 2377 1342 2418 en
1366 2377 1434 2416 om·

329 2459 420 2522 lande
444 2472 573 2524 emerent
596 2459 617 2522 't
637 2461 769 2544 pemeine
801 2461 954 2526 Vrieelaut
975 2461 1098 2545 pelepen
1122 2461 1241 2524 tusciam
1265 2461 1301 2524 de
1332 2461 1435 2522 Weser

326 2585 364 2627 en
387 2563 408 2628 ’t
431 2565 623 2650 Maenalias),
648 2565 844 2628 Brenneisen
869 2563 898 2631 I.
921 2564 962 2629 P.
986 2567 1017 2629 2.
1041 2589 1072 2650 p.
1098 2565 1141 2629 33
1167 2565 1222 2650 (ex
1246 2564 1369 2651 orig.).;
1402 2586 1434 2640 a,

330 2669 438 2731 1422:
470 2692 515 2756 aoy
550 2694 591 2733 aa
623 2669 738 2756 heyden
769 2672 865 2757 zyden
898 2672 929 2734 in
955 2670 1011 2735 dea
1035 2671 1146 2735 landen
1172 2672 1208 2756 hy
1233 2681 1336 2734 weeten
1360 2670 1436 2732 ende

328 2777 361 2840 bi
384 2787 482 2840 vestan
505 2777 561 2840 der
584 2770 725 2840 Lazveree
748 2787 825 2840 lotar
857 2771 980 2853 Wem,
1003 2775 1150 2862 Rengers
1180 2774 1324 2839 Werlsen
1350 2773 1376 2837 I.
1401 2797 1434 2858 p.

331 2880 395 2942 125
422 2880 478 2965 (ex
502 2881 607 2966 orig).

375 2981 579 3049 Conferenda
615 2997 689 3048 sunt
726 2985 790 3048 duo
826 2985 999 3070 diplomata
1035 2988 1109 3051 anni
1147 2985 1255 3062 1422,
1291 3007 1432 3070 quorum
1553 2975 1554 3040 l

328 3099 403 3152 sunt
434 3090 513 3153 haee
549 3091 664 3154 verba:
701 3091 752 3154 des
782 3113 921 3175 pamenen
962 3086 1156 3156 Vriealandee
1187 3115 1247 3156 van
1285 3093 1341 3154 der
1369 3091 1435 3153 Za-

328 3197 436 3259 derzee
471 3207 499 3259 to
536 3197 590 3259 der
637 3190 773 3271 Wezere,
810 3194 956 3281 Rengers
991 3195 1137 3260 Werken
1174 3195 1201 3258 I.
1227 3219 1257 3280 p.
1285 3195 1350 3258 134
1376 3193 1434 3281 (ex
1553 3269 1554 3278 χ

329 3300 443 3387 orig),
475 3311 507 3364 et
538 3303 570 3364 in
602 3301 682 3365 allen
714 3300 827 3365 landen
859 3303 932 3366 ende
963 3304 1063 3367 staden
1087 3303 1207 3366 tuselien
1232 3304 1289 3366 der
1313 3302 1433 3364 deer-

327 3428 376 3471 see
400 3407 475 3468 eade
499 3408 555 3470 der
588 3401 726 3482 Wezere,
752 3404 827 3469 ibid.
852 3429 882 3492 p.
912 3408 986 3470 131.

375 3507 462 3574 Vide
498 3511 592 3574 etiam
629 3511 661 3573 in
695 3509 867 3595 diplomate
900 3515 973 3576 anni
1001 3515 1086 3576 1421
1115 3515 1231 3580 verba:
1256 3515 1276 3576 ’t
1296 3515 1433 3598 pemeine

336 3609 488 3680 Valesiani
522 3615 643 3702 pelopen
685 3615 805 3679 machaa
847 3618 883 3680 de
926 3611 1029 3682 Weser
1064 3641 1098 3683 ea
1134 3619 1154 3683 ἰ
1190 3620 1361 3701 Meersdlep
1383 3622 1432 3695 ¹⁶,

329 3720 528 3785 Brenneisen
552 3719 579 3782 I.
602 3719 642 3782 P.
668 3722 697 3784 2.
722 3743 753 3806 p.
779 3721 823 3784 33
849 3721 904 3806 (ex
928 3723 1034 3810 orig.).

375 3824 691 3891 Fluminibus·
725 3823 939 3904 Sinkfal,
983 3826 1351 3909 F1i‚1.aubachi
1389 3840 1432 3892 et

328 3932 535 4011 Wisara,
580 3954 719 4016 quorum
755 3933 852 3998 situm
891 3933 923 3998 in
959 3935 1221 4000 antecedentibus
1255 3932 1432 4014 illustravi,

328 4049 393 4103 tres
425 4036 548 4103 Frisiae
581 4047 688 4123 partes
722 4049 814 4102 erant
846 4039 963 4103 finitae.
1012 4039 1177 4105 Frisia
1212 4039 1433 4105 occiden-

327 4143 461 4220 talis,
498 4143 583 4207 inter
615 4140 740 4208 Sinkfal
775 4155 807 4207 et
831 4143 884 4208 Fli
908 4145 985 4223 sita,
1018 4146 1199 4211 continebat
1222 4147 1312 4211 littus
1337 4146 1433 4210 maris

361 4378 391 4420 15
428 4373 470 4422 De
488 4378 564 4434 portu
582 4370 622 4419 vel
641 4371 697 4420 sinu
716 4371 863 4434 Maersdiep
883 4350 1035 4421 dictumest
1054 4389 1132 4437 supra
1150 4389 1178 4438 p.
1196 4377 1221 4424 X
