3144 5460
340 533 449 596 mir
767 547 839 598 usx
859 547 1064 602 ramosum.

341 747 421 842 legis
460 751 589 820 nomino
629 751 801 843 (2111),
842 753 1059 822 examinemus
1081 753 1215 824 alteram
1239 767 1363 845 partam
1402 782 1445 826 ex

340 875 413 927 mea
443 860 592 948 opinione
623 860 689 950 legl
716 859 955 947 antiquissimae
978 859 1178 944 additorum,
1204 883 1301 950 quam
1324 887 1445 932 secun-

341 963 415 1031 dam
439 966 537 1031 totius
561 966 643 1054 legis
667 965 795 1032 nomino
819 967 878 1056 (z
902 965 964 1056 ΙΙ).

387 1067 462 1137 Non
495 1070 589 1136 video
621 1071 706 1136 viros
738 1070 867 1152 doctos,
891 1072 947 1158 qui
972 1073 1012 1138 de
1036 1072 1108 1160 lege
1131 1072 1315 1141 Frisionum
1341 1077 1447 1161 scrip·

341 1177 450 1257 serint,
473 1176 556 1242 hauc
580 1176 659 1266 legis
682 1185 805 1264 partem
831 1178 890 1264 (τ
905 1176 958 1266 ΙΙ)
982 1199 1145 1264 separasse
1161 1201 1180 1244 a
1196 1181 1300 1268 prima
1324 1180 1384 1268 (z
1401 1179 1447 1268 Ι),

342 1303 440 1370 quam
474 1283 604 1349 nominc
634 1283 738 1370 legem
770 1283 1040 1370 antiquissimam
1071 1307 1173 1370 quum
1205 1307 1283 1352 vero
1315 1282 1448 1375 singula

341 1387 483 1478 capitula
521 1389 602 1476 legis
641 1385 843 1469 Prisianum,
881 1385 1044 1456 additione
1079 1391 1258 1477 sapientum
1294 1392 1448 1472 exclusa,

342 1517 440 1582 quam
471 1495 707 1559 accuratissime
739 1494 823 1558 iuter
853 1515 888 1558 se
919 1515 1119 1581 comparem,
1152 1518 1190 1562 eo
1220 1495 1382 1578 adducor,
1410 1509 1450 1562 ut

342 1599 477 1666 eandem
513 1621 695 1696 agnoscam,
740 1599 814 1666 Lex
849 1601 1070 1688 antiquissima
1105 1601 1163 1690 (2
1195 1601 1228 1692 Ι)
1265 1604 1366 1670 solam
1389 1627 1448 1669 re-

343 1706 437 1794 spicit
460 1705 597 1773 Frisium
628 1704 782 1786 medium,
813 1715 912 1792 atque
943 1707 1048 1772 omnia
1078 1709 1148 1774 eius
1175 1709 1275 1774 verba
1297 1710 1343 1775 ita
1367 1719 1449 1777 sunt

342 1821 516 1901 concepta,
551 1819 588 1878 ut
622 1835 661 1878 ea
695 1811 815 1902 legenti
843 1809 974 1879 credere
998 1807 1094 1878 liceat
1117 1822 1195 1878 tune
1217 1813 1301 1880 hanc
1325 1815 1448 1894 solam,

342 1941 450 2009 neque
482 1918 668 1986 orientalem
698 1920 752 1986 vel
783 1918 1012 1986 occidentalem
1044 1915 1180 1984 Frisium
1204 1918 1312 1985 fuisse.
1359 1920 1449 2006 Legi

341 2035 451 2092 autem
476 2025 731 2113 antiquissimae,
755 2023 805 2088 his
830 2024 936 2090 verbis
960 2023 1155 2103 declaratae,
1180 2025 1322 2112 capitula
1344 2045 1449 2112 quae·

344 2130 417 2197 dam
442 2137 518 2194 sunt
540 2129 660 2194 inserta
682 2127 735 2194 rel
751 2127 870 2208 addita,
888 2137 1025 2215 'quorum
1042 2127 1197 2194 nonnulla
1211 2132 1262 2195 ius
1279 2143 1449 2217 exponunt

344 2236 529 2303 Frisiorum
553 2233 755 2300 orientalium
792 2232 844 2300 vel
879 2235 1125 2300 occidentalium
1161 2257 1180 2299 a
1215 2235 1285 2300 iure
1320 2234 1450 2300 Frisiae

345 2340 470 2412 mediae
501 2341 683 2420 diversum,
708 2340 769 2406 alia
793 2351 901 2406 autem
924 2340 1076 2406 mendant
1099 2341 1150 2405 ius
1174 2339 1298 2405 Frisiae
1321 2341 1451 2406 mediae

343 2454 378 2518 iu
409 2452 483 2538 lege
514 2446 735 2534 antiquissima
767 2446 950 2524 conditum5
978 2446 1201 2533 capitula
1236 2445 1350 2512 haec
1385 2457 1451 2510 at·

342 2579 434 2644 que
473 2555 564 2620 illa
603 2553 878 2619 conficiant
915 2562 1100 2639 partem
1139 2552 1268 2641 legis
1313 2573 1450 2638 quam
1526 2623 1527 2626 Ἴ

342 2664 452 2729 dico
489 2657 1015 2747 secundam(-II),cui
1056 2657 1356 2724 adnumerem
1390 2657 1452 2721 lo-

341 2767 573 2856 coslegis
609 2775 888 2855 sequentes:

439 2875 489 2939 tit.
519 2871 585 2939 111.
620 2895 647 2937 c.
681 2873 710 2937 8.
745 2873 763 2936 9
794 2872 895 2958 (quae
918 2870 1060 2958 capitula
1082 2871 1133 2934 ius
1157 2868 1281 2934 Frisiae
1310 2868 1451 2932 orienta-

347 2982 387 3047 lis
410 2977 589 3064 explicant,
613 2986 645 3040 et
668 2975 777 3040 addita
801 2986 876 3040 sunt
900 2975 941 3040 ad
966 2997 1034 3062 cap.
1061 2975 1160 3040 1-·-7.
1184 2975 1233 3040 tit.
1257 2970 1339 3057 III.)

440 3083 489 3150 tit.
523 3080 587 3147 IV.
622 3103 650 3146 c.
686 3082 776 3146 2-8
814 3077 982 3171 (Capitula
1018 3080 1127 3146 addita
1158 3091 1235 3145 sunt
1258 3078 1299 3144 ad
1322 3099 1392 3163 cap.
1421 3078 1452 3142 1.

343 3192 395 3264 tit.
426 3188 492 3268 1V;
529 3185 612 3252 conf.
644 3186 762 3253 verbat
793 3187 944 3252 Similiter
972 3196 1050 3264 εἴας
1074 3187 1130 3251 loc
1153 3188 1233 3251 inter
1256 3185 1401 3250 samaa·
1424 3197 1455 3250 at

344 3295 522 3386 Siuffalam
545 3303 624 3371 ete.;
648 3306 733 3358 traua
756 3292 902 3357 Laubaci
923 3293 1007 3378 etc).

441 3403 491 3467 tit.
513 3398 596 3464 VII.
619 3421 647 3464 c.
672 3401 692 3463 2
718 3393 924 3484 (Capitulum
949 3400 968 3463 2
993 3395 1036 3463 ad
1060 3398 1155 3483 capit.
1182 3399 1198 3460 1
1226 3393 1371 3460 additum
1392 3410 1454 3475 est,

339 3511 383 3584 ¹in
419 3505 532 3572 eodem
563 3498 735 3590 exponitur
765 3505 816 3568 ius
848 3499 1006 3569 Frisicum
1034 3503 1176 3568 medium
1200 3512 1233 3567 et
1256 3499 1336 3566 illud
1362 3500 1455 3585 quod

339 3612 481 3700 ,vigebat
504 3623 592 3675 tram
616 3608 782 3696 Laabcci).
907 3695 909 3702 y
1241 3671 1242 3674 ,

444 3717 492 3788 tit,
528 3713 628 3786 VIII·
661 3711 734 3779 add.
769 3711 861 3798 (Fini
894 3713 983 3779 tituli
1018 3711 1163 3779 additum
1198 3723 1247 3778 est
1270 3711 1320 3777 ius
1341 3710 1455 3777 direr-

334 3847 438 3906 mum,
463 3822 551 3909 quod
575 3819 706 3910 vigebat
731 3831 818 3887 uana
842 3817 988 3886 Laubaci
1009 3830 1067 3888 etc.

444 3929 497 3994 tit.
533 3924 600 3992 IX.
634 3945 662 3992 c.
702 3925 836 3996 14-17
872 3922 1042 4015 (Oapitula
1070 3922 1179 3991 addita
1202 3935 1278 3989 sunt
1302 3922 1343 3987 ad
1366 3921 1457 3987 titul.

343 4035 458 4103 ¹VIII:
483 4035 571 4100 Iam
594 4029 759 4096 hauhata·
780 4045 810 4101 ct
839 4033 997 4098 Wr'aaram
1020 4032 1090 4098 talis
1111 4044 1155 4097 ast
1177 4031 1358 4096 consuetudo
1374 4031 1458 4116 etc).

445 4139 493 4205 tit.
525 4135 610 4210 XII.
641 4159 667 4203 c.
701 4138 730 4202 1.
756 4139 776 4206 2
803 4134 970 4226 (Capitale
992 4137 1043 4206 ius
1066 4137 1191 4204 Frisiae
1215 4135 1339 4202 mediae
1360 4133 1457 4198 illus·

349 4255 473 4326 strant,
498 4254 530 4311 et
554 4239 761 4310 addicamus
786 4243 827 4310 ad
851 4265 920 4331 cap.
946 4245 966 4310 s
991 4255 1025 4312 et
1051 4243 1080 4310 6.
1105 4245 1153 4309 tit.
1176 4241 1261 4332 ΙΙΙ).
1521 4233 1522 4236 ‘

449 4352 499 4425 tit
532 4349 627 4426 XIII
658 4350 809 4438 (Titulus
843 4351 895 4417 ius
929 4349 1054 4418 Frisiae
1076 4348 1202 4417 mediae
1235 4349 1395 4424 illustrat,
1421 4356 1457 4410 et
