3158 5464
574 500 755 579 TrnV.
798 504 864 586 51.
1227 508 1266 574 51

167 717 225 772 quo
244 697 378 753 convenit
398 685 467 754 ciem
486 697 540 754 illo
553 713 689 769 proquo
706 700 872 772 properavit,
886 696 976 758 Fries.
997 699 1129 778 liechtsq.
1148 722 1179 778 p.
1201 703 1270 768 138.

165 784 214 843 20.
247 783 343 844 Verbo
364 787 491 858 campio.
509 783 638 842 derivato
656 801 691 842 ex
711 803 778 850 rece
798 786 967 846 Germanica
988 789 1080 865 Icamp
1100 791 1132 866 (i.
1147 810 1173 849 e.
1193 810 1266 869 pug-

165 893 227 937 ne.
259 874 292 932 in
315 874 340 931 l.
361 872 434 931 Fris.
456 872 519 938 XI.
537 872 557 929 3
575 881 604 929 et
622 870 709 938 xlv.
728 873 746 930 5
767 881 914 950 campus).
931 879 1078 954 permulta
1096 879 1184 938 medii
1204 881 1265 938 aeri

164 963 340 1020 documento
369 962 458 1020 Ietine
488 961 593 1037 scripte
623 970 766 1028 utuntur.
794 965 870 1022 conf.
896 965 1041 1046 Bucange.
1081 967 1116 1026 In
1143 969 1265 1028 dialecto

165 1051 358 1127 Anglesexon.
387 1052 482 1110 formo
502 1067 604 1123 oernpa
622 1051 705 1108 nobis
735 1053 880 1118 occurrit.
898 1054 930 1112 in
950 1055 1020 1115 dial.
1040 1055 1150 1116 Frisiae
1169 1059 1265 1118 orien-

164 1141 232 1198 talis
250 1149 279 1196 et
299 1139 409 1198 mediae
430 1141 552 1214 kemper,
573 1139 689 1214 tempe.
708 1139 740 1198 in
759 1140 829 1199 dial.
850 1144 928 1200 theot
950 1165 1013 1222 sup.
1037 1155 1091 1206 ret.
1112 1150 1265 1221 rhemphio

163 1238 193 1285 et
213 1231 372 1302 coempto,
391 1229 509 1306 lcemso.
527 1226 611 1285 Greff
628 1227 680 1286 tv.
698 1247 729 1305 p.
749 1227 815 1286 407.

207 1317 239 1352 ⁶⁴
280 1316 400 1376 Adulter
419 1317 480 1374 sine
499 1315 702 1392 compositione
720 1318 811 1376 occidi
836 1327 928 1396 potest
947 1339 964 1376 e
985 1321 1107 1387 marito,
1126 1324 1177 1398 qui
1197 1343 1264 1380 enm

163 1407 197 1464 in
225 1405 368 1462 adulterio
389 1405 604 1484 deprehendit.
635 1406 698 1463 ride
727 1407 782 1484 leg.
810 1407 874 1484 Rip.
895 1409 932 1465 77
951 1417 980 1466 et
1000 1409 1062 1467 Bai.
1083 1411 1216 1479 vl[,2,
1237 1419 1265 1469 et

162 1496 240 1552 conf.
262 1496 383 1572 Grimm.
405 1495 464 1553 RI.
484 1515 514 1570 p.
535 1493 593 1552 743
613 1503 640 1550 et
660 1493 758 1551 Witdr
778 1496 882 1554 Strafr.
902 1517 933 1575 p.
952 1497 1021 1558 824.

207 1583 238 1617 ⁶⁵
280 1581 339 1640 Fur
370 1584 432 1640 sine
462 1582 665 1659 compositione
693 1583 784 1639 occidi
814 1592 922 1658 potest.
953 1585 977 1642 si
1007 1586 1126 1644 domum
1146 1589 1264 1646 alterius

162 1671 304 1728 effodiens
330 1672 492 1748 reperitur.
521 1671 586 1728 ride
615 1671 671 1748 leg.
703 1671 770 1729 Sex.
802 1673 862 1737 IV.
893 1671 912 1730 4
939 1675 997 1748 (ed.
1027 1675 1137 1734 Merkel
1157 1696 1180 1734 c.
1203 1675 1266 1748 32),

162 1760 221 1834 leg.
240 1759 305 1836 Rip.
325 1761 381 1826 77,
406 1761 430 1818 I.
451 1759 513 1818 Boi.
535 1759 626 1824 VIII.
644 1759 682 1824 5.
703 1760 814 1819 Decret.
834 1761 934 1820 TessiI.
955 1782 980 1822 c.
1002 1764 1182 1842 3.capiru1.
1202 1767 1265 1828 lv.

166 1849 214 1907 19.
263 1848 347 1908 Conf.
375 1850 486 1908 Grimm
517 1849 575 1907 RI.
606 1869 636 1925 p.
667 1847 742 1913 7433
773 1849 874 1907 Wilde
892 1871 923 1927 p.
942 1851 1011 1910 890.
1050 1853 1092 1910 lie
1111 1856 1174 1912 Iure
1193 1855 1265 1912 furti

162 1937 240 1996 conf.
264 1947 325 1995 not.
347 1938 385 1996 39
404 1939 441 1994 nd
464 1939 506 1996 tit.
528 1936 582 1996 III.
900 1969 904 1975 ·

208 2026 239 2060 ⁶⁸
281 2026 457 2084 Incendiarii
489 2028 520 2083 in
550 2027 658 2083 recenti
678 2027 877 2102 comprehensi
892 2067 899 2093 ,
917 2028 978 2086 sine
998 2029 1200 2106 compositione
1220 2049 1266 2088 oc·

162 2115 222 2172 cidi
251 2123 388 2190 possunt,
419 2117 483 2174 ride
514 2117 624 2174 Grimm
655 2115 713 2173 ΚΛ.
744 2135 773 2192 p.
803 2116 880 2182 743,
913 2117 1011 2175 wilda
1039 2138 1071 2194 p.
1101 2117 1167 2176 504.
1198 2119 1265 2178 947.

162 2205 270 2262 Verbis
289 2205 366 2264 tituli
387 2203 477 2262 nostri
498 2203 672 2262 conferenda
691 2213 779 2267 sunt.
798 2205 907 2279 quibus
927 2215 1050 2264 utuntur
1068 2208 1144 2284 leges
1156 2207 1266 2264 Frisios

162 2293 313 2351 orIentaIis
342 2293 455 2352 saeculo
488 2291 568 2348 XIII.
599 2293 791 2368 conscrIpteee
823 2297 956 2352 werther
982 2313 1017 2351 en
1046 2297 1166 2352 bernero
1185 2298 1265 2370 bisen

163 2384 243 2440 mitt
264 2385 357 2456 colege
378 2383 486 2440 eroelea
505 2381 572 2458 cnei
588 2383 646 2436 mit
666 2381 843 2456 irrumcgere
863 2383 955 2446 hond.
972 2401 1007 2440 ec
1026 2390 1092 2446 etc..
1110 2383 1198 2442 FrIes.
1212 2384 1266 2460 Rq.

206 2559 237 2595 ⁶⁷
279 2557 372 2636 »Qui
402 2558 504 2616 fenum
535 2556 669 2634 effregit,
699 2557 762 2615 sine
791 2559 996 2634 compositione
1017 2561 1108 2618 occidi
1126 2568 1267 2637 potest”‚

162 2648 229 2707 vide
248 2667 324 2726 quae
343 2647 379 2705 de
398 2645 462 2703 iure
481 2647 617 2704 fenorum
636 2645 669 2702 in
689 2643 780 2704 I'risie
800 2647 934 2704 orientali
953 2647 991 2706 ed
1011 2650 1081 2706 Iraec
1099 2651 1266 2708 rerbasunt

161 2737 274 2794 adiecta
305 2738 336 2792 in
365 2735 438 2792 edd.
466 2735 489 2796 I.
515 2735 590 2792 Fris.
619 2733 670 2792 XI.
710 2734 822 2792 Fanum
842 2744 886 2792 est
905 2736 1044 2812 templum
1065 2756 1267 2814 paganorum,

162 2845 258 2902 neque
277 2843 342 2882 vero
361 2823 479 2882 ecclesia
498 2823 665 2886 christiano.
684 2842 759 2901 quoe
777 2823 811 2880 in
829 2824 892 2898 lege
912 2823 986 2881 Fris.
997 2824 1084 2888 xlv.
1107 2824 1131 2882 I.
1146 2826 1264 2884 basilice

157 2924 191 2972 et
209 2913 327 2971 ecclesie
346 2914 377 2969 in
397 2912 551 2971 Additione
570 2911 624 2988 leg.
655 2911 727 2968 Fris.
756 2911 790 2976 1,
812 2911 837 2969 1.
857 2912 974 2970 ecclesia
995 2922 1122 2973 vocetur.

206 3003 237 3038 ⁶⁸
280 3003 312 3060 si
332 3010 423 3058 motor
450 3000 593 3058 infantem
613 3000 651 3056 ab
671 3008 752 3056 utero
772 3000 920 3060 subletum
940 3009 1050 3066 enecet,
1069 3003 1188 3060 nullam
1219 3003 1265 3060 in-

161 3093 252 3151 fantis
272 3089 509 3166 compositionem
531 3089 634 3152 solerte
656 3088 681 3144 si
700 3088 758 3147 elin
769 3097 866 3147 eutem
878 3089 1141 3149 femineinInntem
1153 3093 1265 3151 occide-

160 3181 211 3246 rit,
220 3178 335 3237 leudem
346 3194 426 3236 suem
446 3177 508 3254 regi
527 3186 688 3253 componat.
709 3177 784 3235 IIeeo
803 3186 871 3236 sunt
889 3196 964 3253 qnae
983 3178 1083 3236 dicunt
1103 3200 1182 3238 voces
1202 3182 1265 3238 edi-

160 3271 249 3330 tionis
278 3269 479 3331 IIereIdianee.
509 3287 580 3344 quer
610 3269 647 3324 ed
676 3266 797 3326 verbum
818 3267 851 3323 in
870 3276 980 3324 textum
999 3269 1104 3344 recepi.
1145 3268 1181 3325 in
1201 3270 1263 3325 edi-

162 3359 239 3418 tione
269 3357 525 3434 Lindenbrogiana
555 3357 681 3432 legitur:
701 3360 755 3430 qui
765 3359 884 3430 sorerem
905 3358 1048 3431 effreqit‚
1068 3365 1096 3412 et
1115 3358 1263 3428 insontem
1363 3426 1367 3434 ι

161 3452 201 3506 ab
230 3457 316 3505 utero
345 3449 457 3504 mairie
476 3447 629 3502 mentum
650 3453 750 3502 enecat
760 3463 775 3512 ‚⁰
794 3445 868 3501 Irene
888 3442 1095 3520 Lindenbrogii
1113 3445 1263 3502 lectionem

161 3558 181 3595 a
208 3537 340 3615 Genppio
367 3537 399 3592 in
423 3534 491 3612 Leg.
511 3534 586 3594 Fris.
605 3553 635 3610 p.
657 3533 688 3589 ll
710 3541 740 3591 et
759 3532 859 3618 Wilrla
877 3553 908 3612 p.
928 3530 985 3589 725
1005 3533 1154 3592 defensam
1170 3574 1177 3598 .
1195 3554 1264 3592 con-

160 3627 302 3684 iecturam
322 3625 439 3682 editoris
458 3643 517 3682 esse
536 3623 775 3690 Infelicissimom,
792 3623 824 3680 in
844 3623 920 3682 libro
940 3642 1004 3680 meo
1024 3622 1111 3682 Iries.
1131 3623 1265 3698 Rechtsq.

161 3735 230 3794 pag.
251 3713 307 3772 XII
326 3713 462 3790 exposcis
483 3731 636 3789 nunquam
655 3713 734 3771 enim
753 3713 892 3778 credam,
906 3711 1117 3770 interfectorem
1143 3713 1264 3769 infantis

161 3805 196 3861 in
214 3802 307 3862 Frisia
324 3803 388 3860 sine
407 3801 567 3878 weregeldo
585 3802 676 3860 occidi
695 3802 838 3878 potuisse,
856 3799 933 3878 quod
958 3800 1075 3880 quidem
1098 3801 1183 3857 rerba
1204 3808 1263 3857 tex-

161 3901 210 3949 tus
230 3891 479 3967 Lindenbrogieni
498 3891 607 3947 dicunt.
646 3890 821 3947 Auctoritete
840 3887 924 3947 Vitae
955 3888 987 3946 S.
1006 3887 1143 3966 Liudgeri
1161 3907 1223 3964 cap.
1246 3886 1264 3946 6

161 3989 192 4038 et
224 3981 242 4037 7
271 3981 335 4038 iure
354 3999 467 4058 pagano
486 3978 649 4036 Frisiorum
671 3978 856 4035 orIenteIInm
875 3979 1046 4053 permissum
1066 3985 1149 4041 eret.
1166 3977 1264 4036 inian-

161 4079 223 4127 tem
261 4087 383 4130 necare.
422 4068 474 4145 qni
503 4068 599 4126 cibum
629 4067 746 4124 nullum
773 4066 939 4131 sumsisset.
968 4066 1033 4124 ride
1064 4065 1176 4124 GrImm
1207 4065 1266 4126 lto.

160 4177 194 4236 p.
215 4156 288 4223 4583
310 4158 403 4216 Krnut
424 4155 600 4216 vormunds.
621 4155 644 4213 1.
666 4177 697 4232 p.
716 4155 775 4222 45;
806 4154 906 4213 Witda
937 4155 1041 4214 Strnir.
1070 4173 1100 4230 p.
1121 4151 1265 4218 725;10x

161 4256 262 4305 nostre
294 4245 460 4304 I'rieionum
490 4245 535 4302 ins
565 4245 785 4302 vetustissimum
812 4243 889 4300 illud
919 4243 959 4299 ite
979 4250 1108 4306 coercet.
1126 4250 1159 4300 nt
1178 4244 1266 4302 matri

160 4344 278 4400 tentum
298 4336 470 4414 permissum
490 4337 526 4392 sit
545 4335 651 4393 liberor
672 4335 906 4412 sanguinolento·
924 4330 1061 4391 occidere.
1109 4420 1126 4454 .
