3158 5464
512 523 793 610 Trull.§1.
1182 527 1222 589 43

109 723 240 803 opinioni
271 725 322 784 cel.
347 721 444 781 Wildn
473 721 632 780 Strafrecht
661 741 690 797 p.
720 720 787 786 631,
817 723 879 796 qui.
904 723 1017 779 ratione
1047 719 1145 778 habita
1177 738 1223 789 eo-

109 817 206 893 piosee
236 813 313 872 tituli
336 811 481 875 dictionis.
500 810 624 888 explicat
642 810 779 875 eundem,
798 813 896 886 (quem
918 811 987 868 dicit
1009 816 1056 868 ein
1077 813 1225 870 oodweres

111 907 177 962 send
204 906 380 980 singccldres
413 901 523 978 Gesetz)
553 900 608 977 legi
640 901 739 957 multis
769 909 833 976 post
863 901 949 958 annis
979 900 1122 958 adiectum
1151 921 1221 960 esse.

111 994 295 1052 Additionem
316 990 482 1050 Wulemari
502 989 533 1044 in
553 989 613 1046 fine
634 989 711 1046 tituli
732 991 823 1046 serius
842 989 1018 1067 adscriptam
1039 1009 1110 1055 esse,
1129 993 1223 1048 maui-

111 1085 216 1141 festum
245 1091 297 1142 est.
336 1080 377 1138 lte
406 1080 488 1137 titolo
524 1079 637 1136 confer.¹
666 1079 762 1156 Rogge
790 1079 1012 1138 Geriehtsuesen
1041 1101 1072 1158 p.
1102 1079 1224 1143 26-28.

112 1173 272 1246 Woringen
294 1171 425 1248 Beitriige
445 1191 475 1246 p.
497 1167 546 1234 49,
567 1168 666 1224 Wilda
688 1168 850 1226 Strairecht
869 1189 899 1250 p.
921 1169 987 1228 631.

155 1262 186 1298 ²¹
231 1261 346 1318 Herold.
375 1259 521 1318 Ferresnt'
532 1278 543 1324 ,·
575 1257 714 1314 editiones
734 1260 916 1324 recentiores,
935 1269 1052 1339 excepta
1073 1269 1177 1318 tamen
1190 1280 1223 1318 eu

113 1371 206 1428 quem
236 1351 368 1410 Siccams
398 1349 568 1427 publicarit.
598 1349 775 1405 substituunt
795 1349 841 1407 Jn
852 1351 1002 1426 sorresni.
1041 1349 1172 1410 Siccaena
1192 1351 1223 1407 in

112 1443 307 1499 Commentar.
327 1441 383 1518 leg.
414 1435 488 1496 Fris.
509 1439 604 1515 putat.
635 1457 650 1489 u
674 1457 727 1513 pro
753 1442 894 1514 sorresns'
921 1439 1137 1512 rescribendum
1164 1461 1223 1498 esse

103 1532 255 1608 forredni
283 1532 343 1587 sive
366 1529 571 1605 sorrednieee,
603 1526 633 1582 id
666 1537 709 1585 est
740 1529 966 1606 proditionem”.
996 1529 1117 1586 Formae
1147 1532 1224 1590 vocis

111 1629 350 1678 commemoratae
370 1620 487 1676 suntin
509 1637 642 1675 sermone
663 1620 750 1676 theot.
774 1629 870 1676 vetere
882 1621 1221 1695 sorrodenisse.ecrrn-

112 1713 243 1776 dmiccc,
256 1709 339 1767 Graff
348 1709 384 1767 11.
396 1729 426 1786 p.
439 1707 506 1771 1167,
516 1707 546 1763 in
558 1727 688 1764 sermone
699 1707 807 1765 Frisise
818 1709 1001 1767 occidentalis
1011 1712 1118 1770 saeculi
1137 1713 1225 1774 xm.

113 1807 309 1864 eerrntnmsn,
331 1797 489 1856 Westfries.
509 1797 612 1855 flandi.
633 1796 748 1855 s.1299
769 1797 865 1855 Mieris
877 1798 901 1858 l.
920 1820 951 1876 p.
963 1798 1035 1866 6173
1058 1821 1117 1860 nou
1136 1805 1224 1866 habe·

113 1910 178 1948 mus
197 1888 274 1966 quod
295 1907 390 1945 vocem
402 1889 545 1962 forreem'
575 1887 659 1944 modo
689 1887 765 1944 dicto
790 1887 987 1949 emendemus.
1025 1891 1119 1950 Aliam
1150 1899 1224 1956 vocis

113 1979 380 2055 interpretationem
418 1977 569 2054 proposuit
608 1976 665 2035 lac.
708 1975 818 2035 (irimm
850 1978 924 2035 Gott.
959 1979 1015 2058 gel.
1045 1986 1106 2038 Aue
1151 1985 1225 2046 1832

113 2091 142 2147 p.
157 2065 251 2126 1195:
273 2066 418 2124 Forresni
437 2068 537 2124 dorstet
557 2067 622 2123 siclt
638 2067 891 2124 wahrselteinlioit
903 2087 1047 2143 panzano
1059 2072 1115 2129 der
1125 2074 1224 2136 stodes.

115 2159 549 2234 Sprocheigenthiimlichlceit.
596 2156 708 2213 'dieser
742 2156 861 2214 dialect
882 2163 986 2234 pflegt
1020 2159 1077 2218 den
1115 2165 1224 2224 barsen

114 2247 266 2306 liehllant
286 2247 390 2304 lesend
409 2247 450 2302 kk
469 2249 503 2303 in
522 2249 571 2303 ein
592 2246 760 2304 circhendes
779 2266 810 2304 es
830 2267 866 2304 nn
886 2251 1079 2308 oerwondeln
1086 2272 1101 2318 ,·
1112 2254 1169 2312 dos
1180 2261 1224 2332 <fi

115 2337 344 2396 vordommende
371 2336 470 2394 Fries.
499 2333 633 2394 Verbum
653 2355 738 2393 resno
757 2338 925 2412 entspricht
943 2338 1010 2396 dem
1021 2342 1096 2400 atet.
1106 2344 1226 2413 rechan,

114 2428 253 2487 oltnord.
281 2427 368 2489 reda.
394 2427 461 2484 send
489 2426 623 2483 bedentet
645 2428 769 2500 pellere,
799 2427 932 2487 tradere.
973 2427 1120 2489 meeeni
1147 2435 1232 2512 dosf

115 2520 183 2574 also
200 2519 357 2592 orrsgelegt
377 2516 497 2572 werden
511 2517 684 2592 propulsio,
706 2516 849 2581 traditio,
864 2518 1015 2592 proditio,
1035 2526 1224 2584 oerrdtlreri·

115 2609 186 2665 cehe
216 2604 416 2680 Bargebung.
456 2605 532 2663 Sunt
557 2604 630 2660 mihi
650 2603 843 2662 dubitationes
863 2607 916 2662 hae
936 2606 967 2663 in
988 2608 1225 2686 interpretatione

115 2695 313 2772 praeceptoris
342 2693 528 2751 dilectissimi.
569 2693 612 2750 Ex
632 2694 721 2752 verbo
740 2694 812 2752 Fris.
834 2696 918 2760 reka,
937 2716 1022 2756 ressa
1040 2699 1074 2758 in
1094 2721 1225 2763 sermone

116 2783 228 2842 Frisico
256 2783 450 2842 transiierano
480 2780 587 2840 saeculi
617 2782 720 2840 decimi
749 2783 827 2839 tertii
846 2785 972 2842 formare
989 2785 1074 2846 liceat
1094 2793 1227 2850 substen-

116 2876 212 2932 tivum
240 2872 386 2948 quoddam
414 2873 533 2935 retrone.
552 2891 683 2937 ressone,
701 2891 830 2939 rosseum
857 2893 1008 2950 nunquam
1028 2897 1094 2934 sero
1113 2899 1228 2959 exspeo.

116 2975 212 3022 tarem
242 2962 274 3020 iu
314 2962 485 3019 documento
514 2961 623 3018 Frisico
652 2962 757 3018 saeculi
798 2963 868 3020 noni
906 2964 1029 3022 formam
1060 2974 1144 3026 renni
1171 2993 1226 3051 pro

117 3073 241 3112 ressone
267 3060 454 3116 contractam.
483 3069 577 3126 neque
607 3051 760 3108 concedam
788 3053 1045 3113 conformationem
1073 3058 1227 3122 litteraele

117 3145 148 3201 in
171 3162 204 3200 ss
223 3143 256 3199 in
282 3160 414 3198 sermone
442 3140 549 3197 Frisiae
568 3140 762 3206 occidentalis,
780 3162 838 3216 quo
860 3143 949 3201 utitur
969 3145 1029 3204 Lex
1048 3148 1225 3216 Frisionum.

118 3232 290 3290 Assensione
320 3231 502 3306 comprobem
532 3231 763 3307 interpretationi
782 3235 820 3288 nb
839 3231 863 3290 1.
885 3233 1025 3293 Grimmio
1045 3241 1227 3314 repudiatae,

118 3343 154 3380 ex
176 3340 236 3397 qua
257 3340 309 3378 vox
320 3322 462 3396 forresni
481 3318 517 3376 sit
537 3320 719 3378 emendanda
739 3321 770 3376 in
784 3325 926 3396 for-osni.
966 3323 1058 3392 Enni,
1078 3330 1226 3406 anglonen.

119 3432 197 3477 osne.
227 3412 314 3468 theot.
344 3418 399 3467 ret.
421 3412 502 3473 asni.
521 3407 665 3485 significet
685 3411 908 3476 mercenarium,
926 3412 1074 3471 hominem
1094 3421 1225 3479 mercede

119 3503 317 3562 conductum
349 3507 377 3556 et
396 3500 533 3574 sor-esni
559 3497 716 3555 transferre
737 3499 820 3556 velim
843 3519 908 3557 voce
928 3502 1014 3562 theot.
1044 3511 1226 3579 ver-totum.

120 3594 140 3650 i.
173 3611 200 3648 e.
220 3587 445 3666 expositor,
476 3606 535 3664 quo
566 3587 651 3645 verbo
672 3588 776 3646 Latino
803 3589 896 3648 utitur
926 3600 1018 3650 textus
1048 3595 1125 3656 tituli
1154 3601 1225 3680 legis

121 3680 259 3744 Frisicne,
288 3687 318 3734 ut
350 3677 504 3734 transferat
536 3696 634 3735 vocem
657 3681 789 3752 seranni,
809 3679 852 3737 vel
872 3682 1054 3743 elocutor
1073 3688 1106 3762 (i.
1126 3710 1151 3751 s.
1172 3692 1225 3769 qui

120 3770 239 3842 elcese).
256 3769 334 3844 quod
354 3767 452 3826 eodem
473 3787 557 3824 sensu
576 3767 608 3824 in
628 3767 690 3845 lege
710 3769 805 3828 Salica
824 3770 868 3827 tit.
887 3770 926 3828 28
945 3775 1077 3834 occurrit.

163 3859 197 3895 ²²
241 3859 306 3916 Her.
325 3858 369 3915 ad
388 3857 564 3915 occidentem
575 3877 587 3924 ‚¹
606 3877 663 3915 em.
683 3859 728 3916 od
746 3859 948 3919 occidendum.

163 3949 198 3984 ²³
243 3946 420 4024 Quaeremus
450 3947 522 4023 quid
542 3947 597 4004 sibi
618 3944 781 4024 significent
801 3951 906 4014 verbus
926 3955 954 4009 si
974 3955 1082 4012 nobilis
1100 3960 1226 4020 nobilem

118 4059 177 4114 per
208 4041 367 4114 ingenium
397 4040 457 4095 atii
476 4039 592 4096 nontin-i
611 4039 656 4096 ad
675 4039 869 4098 occidendum
888 4047 1071 4117 seposuerit.
1090 4057 1118 4104 et
1138 4051 1227 4112 verbs

121 4130 154 4186 in
175 4127 325 4186 additione
346 4126 506 4184 Wulemnri
525 4127 563 4183 ad
583 4127 626 4184 tit.
646 4126 691 4185 Ile
712 4131 741 4186 εἰ
761 4130 829 4204 quis
846 4150 910 4190 rem
929 4134 989 4190 atti
1015 4135 1060 4192 od
1086 4141 1229 4212 oeq'eren-

123 4219 200 4276 dnm
231 4219 413 4294 exposuerit.
454 4215 605 4273 Hominem
636 4216 687 4292 qui
716 4215 772 4273 talc
802 4219 893 4276 scelus
912 4229 1018 4296 patret.
1038 4226 1243 4302 expositorem¹

122 4315 220 4368 textus
240 4317 336 4364 noster
355 4305 434 4366 dicit.
474 4305 608 4383 Ducange
628 4314 725 4363 nostro
746 4307 775 4364 iu
796 4307 866 4385 legis
885 4310 947 4368 loco
966 4331 1113 4390 exponere
1131 4319 1226 4378 Iomni-

124 4417 192 4456 nem
224 4398 268 4454 ad
298 4397 490 4454 occidendum
520 4395 690 4453 illustrarit:
721 4399 849 4472 aliquem
879 4403 1056 4471 adsciscere,
1077 4416 1111 4464 nt
1128 4411 1227 4468 olium
