3144 5460
527 585 596 635 LEX
619 584 826 633 FRISIONUM.

646 809 692 852 vr.

167 891 202 958 Si
235 895 314 960 liber
350 897 381 958 in
407 895 544 960 nobilem
570 895 727 961 hominem
753 894 814 958 tale
840 895 942 958 scelus
969 893 1086 959 dicitur
1111 919 1225 982 perpe-

116 1009 239 1080 trasse,
271 1002 417 1066 similiter
453 1013 489 1065 ut
520 1001 635 1064 nobilis
660 1013 858 1064 sacramento
883 1023 917 1064 se
942 1013 1091 1080 excuset,
1115 1001 1225 1070 addita

116 1125 219 1190 super
249 1119 484 1172 sacramentum
515 1106 603 1192 quod
635 1106 750 1170 nobilis
782 1109 890 1170 iurare
916 1103 1027 1185 dehet,
1051 1107 1151 1192 ipsius
1175 1130 1226 1171 sa·

114 1213 275 1276 eramenti
307 1213 400 1276 tertia
433 1211 595 1300 portione3
630 1223 685 1276 aut
717 1212 744 1276 si
780 1233 898 1296 negare
922 1233 984 1274 non
1009 1213 1168 1298 potuerit,
1194 1224 1226 1280 et

114 1314 280 1380 homicida
312 1317 468 1394 defuerit,
502 1317 605 1380 solvat
637 1317 764 1380 tertiam
796 1327 920 1404 partem
953 1313 1056 1380 leudis
1088 1318 1173 1393 eius'3
1200 1319 1226 1381 si

116 1442 198 1484 vero
223 1421 382 1486 homicida
406 1420 489 1486 infra
513 1423 647 1508 patriam
674 1420 789 1498 fuerit,
814 1443 873 1485 neo
897 1421 996 1498 iuret,
1020 1443 1079 1485 nec
1102 1422 1225 1508 aliquid

119 1525 239 1604 solvat,
264 1525 319 1590 scd
344 1539 468 1592 tantum
492 1528 672 1592 inimicitias
689 1527 945 1612 propinquorum
961 1527 1056 1590 occisi
1072 1529 1224 1618 patiatur,

113 1627 221 1694 donec
245 1653 318 1698 cum
343 1633 388 1697 eis
413 1633 445 1702 in
471 1635 609 1719 gratiam
634 1643 825 1697 revertatur.

625 1756 674 1800 vn
693 1741 734 1800 23.

162 1835 202 1903 Si
226 1863 303 1905 vero
327 1841 368 1906 de
392 1842 493 1906 libero
518 1841 603 1906 idem
628 1842 786 1920 scelusei
809 1843 997 1927 imputetur,
1022 1844 1080 1908 sihi
1107 1857 1222 1929 quarto

114 1958 352 2012 sacramentum
384 1949 487 2026 iuret,
522 1948 573 2012 vel
607 1949 632 2010 si
666 1944 824 2010 homicida
861 1947 1059 2034 profugerit,
1097 1951 1224 2015 tertiam

115 2053 295 2140 portionem
327 2051 431 2118 leudis
466 2055 534 2118 eius
568 2065 755 2139 componat,
781 2054 806 2116 si
832 2075 951 2140 negare
976 2077 1040 2118 non
1064 2058 1223 2140 potuerit3

115 2156 142 2221 si
168 2180 245 2222 vero
269 2157 428 2223 homicida
451 2159 535 2224 infra
559 2161 693 2246 patriam
718 2174 781 2235 est,
807 2181 866 2222 nec
890 2159 992 2237 iuret,
1018 2183 1075 2230 nec
1099 2162 1223 2247 aliquid

114 2261 238 2341 solvat,
273 2263 329 2328 sed
370 2275 494 2334 tanturn
536 2279 573 2329 ut
608 2265 755 2356 superius
790 2263 932 2327 faidosus
951 2269 982 2312 2⁹
1019 2281 1222 2350 permaneat,

114 2366 218 2431 donec
242 2367 274 2430 in
299 2369 435 2456 gratiam
460 2393 534 2438 cum
558 2371 747 2460 propinquis
771 2370 867 2433 occisi
891 2381 1080 2442 revertatur.

630 2495 705 2540 vrri.

163 2575 199 2642 Si
224 2577 264 2642 de
296 2580 353 2644 lito
378 2579 462 2645 idem
496 2582 625 2666 agitur,
656 2580 846 2666 adempta³0
877 2583 1067 2645 sacramenti
1090 2582 1221 2648 dimidia

114 2683 279 2766 portione,
311 2687 418 2750 iurare
452 2685 597 2766 debebit3
631 2698 686 2752 aut
721 2689 746 2751 si
771 2709 889 2770 negare
914 2709 978 2749 non
1003 2689 1162 2771 potuerit,
1187 2701 1220 2752 et

114 2788 273 2852 homicida
309 2789 495 2875 profugium
531 2790 624 2867 fecit,
662 2803 697 2852 ut
734 2791 881 2873 superius
919 2789 1057 2853 diximus
1093 2795 1218 2856 tertiam

114 2894 293 2978 portionem
325 2893 427 2958 leudis
460 2897 528 2960 eius
553 2906 722 2981 componat
732 2919 740 2971 ;
771 2895 798 2958 si
825 2917 899 2958 vcro
924 2895 1083 2960 homicida
1108 2897 1218 2983 profu·

115 2999 205 3084 gium
224 3022 300 3062 non
333 2998 426 3079 fecit,
461 3001 623 3088 expositor
655 3023 714 3064 nec
737 3001 839 3078 iuret,
865 3023 925 3065 nec
950 2999 1072 3087 aliquid
1097 3004 1216 3082 solvat,

114 3101 169 3168 sed
202 3115 326 3170 tantum
366 3119 403 3171 ut
435 3109 582 3192 superius
620 3107 797 3170 inimicitias
831 3109 1085 3195 propinquorum
1119 3111 1214 3180 occisi

114 3209 263 3294 patiatur.

636 3340 684 3387 lx.

159 3417 195 3485 Si
226 3422 302 3486 litus
330 3422 370 3487 de
395 3425 493 3488 nobili
517 3426 646 3489 homine
671 3423 783 3488 eodem
808 3424 927 3487 scelere
953 3422 1051 3488 fuerit
1074 3427 1214 3490 incrimi-

114 3537 224 3604 natuS,
261 3529 346 3592 iuret
378 3527 548 3593 medietate
573 3530 684 3593 maiori
713 3540 925 3607 sacramento,
962 3552 1059 3616 quam
1083 3530 1163 3598 liber
1181 3537 1211 3580 31

115 3631 153 3694 de
185 3632 285 3697 nobili
317 3633 424 3698 iurare
455 3635 586 3712 debeat3
620 3646 675 3699 aut
708 3635 732 3697 si
765 3658 883 3721 negare
907 3659 971 3699 non
995 3637 1154 3722 potuerit,
1179 3649 1212 3702 et

113 3737 270 3802 homicida
307 3737 463 3820 defuerit,
499 3744 605 3807 omnia
642 3753 678 3805 ut
714 3731 862 3826 superius
894 3741 935 3805 de
967 3742 1036 3806 aliis
1067 3746 1211 3827 personis

114 3844 229 3928 scripta
260 3856 335 3908 sunt
366 3847 514 3934 impleat3
546 3847 634 3934 quod
666 3848 692 3910 si
728 3845 768 3910 de
803 3845 902 3909 libero
938 3844 1021 3910 idem
1058 3849 1160 3911 scelus
1179 3855 1210 3896 32

115 3949 141 4012 ei
172 3949 366 4034 imputetur,
401 3954 570 4018 medietate
602 3953 714 4016 maiori
746 3961 943 4016 sacramento
974 3954 1076 4030 iuret,
1112 3975 1209 4037 quam

114 4053 190 4118 liber
222 4054 262 4121 de
300 4057 400 4122 libero
437 4061 543 4124 iurare
579 4058 708 4136 debeat,
744 4067 800 4120 aut
835 4057 860 4119 si
897 4080 1016 4144 negare
1052 4081 1115 4120 non
1139 4065 1208 4144 'po-

114 4161 227 4237 tuerit,
264 4175 295 4226 et
331 4163 491 4229 homicida
521 4165 719 4254 profugerit,
756 4163 881 4226 tertiam
907 4164 1083 4247 portionem
1108 4163 1210 4230 leudis

115 4279 295 4350 componat,
330 4282 361 4334 et
394 4273 499 4339 omnia
524 4283 559 4340 ut
584 4271 732 4357 superius
758 4266 842 4336 dicta
867 4277 942 4330 sunt
965 4268 1097 4362 implore
1122 4295 1207 4341 com-

115 4370 257 4460 pellatur.
