3156 5464
357 534 415 596 148
764 526 881 590 Iuoex
902 527 1042 591 Renum.

395 722 491 781 novies
524 722 559 780 12
589 722 692 780 solidos
720 731 872 799 componat
900 721 936 776 ed
966 730 1075 796 partem
1105 723 1179 796 regis
1200 721 1289 778 Adit.
1311 722 1336 786 Ι,
1356 721 1385 780 2.
1408 723 1454 799 Os.

355 832 446 959 ntiiin
443 833 468 959 ri)
469 812 532 959 {1¹2}
551 920 650 958 servus
670 920 774 958 noxum
794 900 934 976 grandem
955 910 1132 976 perpetrasse
1152 900 1264 956 dicator
1283 901 1353 966 XII,
1377 903 1411 965 13
1431 905 1455 960 si

394 991 527 1046 domiuus
557 991 631 1047 servi
661 990 696 1046 de
724 990 888 1047 minoribus
917 989 998 1045 noxis
1030 1009 1047 1045 a
1076 1009 1157 1046 servo
1177 992 1347 1066 perpetretis
1367 992 1455 1048 luerit
1554 979 1555 1050 l

392 1077 594 1155 interpellatus
614 1078 680 1143 XII,
701 1078 728 1136 2.
754 1078 801 1153 Os.
823 1078 972 1134 domuum.

352 1169 529 1224 nubere:
560 1167 585 1223 si
613 1168 705 1224 libere
735 1167 862 1224 foemina
890 1166 940 1222 lito
974 1167 1102 1243 nupserit
1122 1166 1173 1229 ΙΙ,
1198 1167 1230 1232 l;
1252 1167 1378 1243 legitime
1399 1189 1454 1224 nu-

391 1259 458 1315 bere
478 1256 568 1313 Adel.
590 1255 645 1321 ΙΙΙ,
665 1255 711 1314 77.
735 1256 783 1329 Of.
804 1256 930 1331 nuptiae.

354 1365 373 1402 n
387 1365 405 1402 u
416 1345 549 1422 ptiaee
570 1346 595 1401 si
614 1345 679 1420 quis
699 1345 813 1402 illicitas
833 1345 948 1420 nuptias
967 1345 1141 1402 contraxerit
1162 1345 1252 1402 Adel.
1274 1344 1388 1408 111,77.
1404 1345 1452 1420 Of,

392 1433 569 1512 coniugium,
589 1433 710 1499 nubere,
728 1453 811 1494 uxor.

354 1610 572 1670 0biicerer
602 1613 760 1687 unicuique
790 1611 898 1669 crimen
930 1611 1077 1668 homicidii
1107 1611 1228 1668 obiicere
1259 1611 1338 1674 ΧΙΙ,
1372 1611 1396 1668 Ι.
1424 1612 1451 1670 lt.

393 1699 440 1776 Cf.
459 1701 615 1778 imputare.
1555 1755 1556 1762 ,

352 1790 602 1848 observaret
631 1800 659 1846 et
690 1791 742 1846 hoc
772 1792 802 1846 in
831 1790 931 1846 eadem
951 1790 1068 1866 regione
1087 1789 1182 1846 taliter
1200 1792 1369 1847 observetur
1389 1788 1452 1854 ΧΙ,
1555 1791 1556 1794 ’

390 1883 482 1936 tmen
505 1878 551 1954 Of.
571 1879 754 1937 consuetudo.

351 1970 488 2026 obsesr
516 1968 567 2042 qui
587 1969 715 2025 obsidem
735 1968 869 2024 occiderit
888 1967 952 2032 XX,
975 1967 999 2024 l.
1023 1965 1070 2042 Os.
1089 1967 1226 2023 occidere.

350 2057 624 2115 obstruderer
657 2057 697 2114 lle
727 2057 851 2114 flumine
878 2059 1008 2114 obstruso
1039 2057 1129 2113 Adel.
1150 2056 1202 2120 ΙΙ,
1223 2058 1314 2112 inser.
1339 2054 1387 2131 Os.
1406 2076 1450 2112 oc·

387 2147 513 2202 cludere.

349 2234 562 2291 occiderer
591 2237 624 2308 a)
655 2233 680 2297 I,
712 2234 811 2291 1-11,
844 2233 888 2290 16.
921 2233 965 2291 17.
998 2232 1042 2290 19.
1062 2232 1109 2290 22.
1139 2233 1180 2298 ΙΙ,
1201 2233 1280 2292 1-8.
1302 2233 1355 2297 ΙΙ,
1379 2235 1403 2290 l.
1423 2234 1448 2291 5.

388 2323 426 2388 Ι,
436 2327 528 2381 inser.
540 2332 567 2380 et
581 2323 685 2386 1.ΙΙΙ,
703 2323 730 2380 2.
749 2323 829 2389 XIV,
849 2327 942 2381 inser.
961 2332 988 2380 et
1009 2322 1090 2380 3-7.
1112 2322 1206 2386 XVII,
1224 2324 1252 2381 2.
1274 2323 1292 2380 3
1322 2323 1406 2386 XIX,
1426 2324 1449 2379 1.

387 2412 415 2468 2.
435 2412 499 2476 XX,
523 2414 547 2471 l.
567 2413 595 2470 2.
616 2414 706 2471 Ado.
728 2414 753 2478 l,
776 2414 801 2471 1.
820 2413 858 2476 Ι,
880 2413 904 2470 l.
925 2413 964 2478 X,
984 2412 1011 2470 2.
1032 2416 1061 2484 b)
1082 2413 1113 2470 Si
1133 2415 1239 2470 nobilis
1258 2413 1449 2486 (111]οτ,111ιιε,

387 2504 498 2577 servus)
520 2505 645 2561 nobilem
667 2503 817 2577 (liberum,
845 2503 944 2580 litum)
964 2502 1109 2567 occiderit,
1129 2513 1281 2578 componat
1301 2501 1327 2564 I,
1351 2502 1448 2560 l-l9·

386 2590 441 2653 22,
462 2592 486 2647 si
506 2592 571 2665 quis
590 2609 702 2649 serrum
724 2591 858 2647 occiderit
879 2591 931 2653 ΙΙ,
953 2592 987 2655 13
1006 2592 1029 2646 si
1051 2591 1155 2646 nobilis
1176 2593 1273 2666 (liber,
1293 2591 1376 2654 litus,
1392 2612 1448 2647 sor-

385 2681 448 2750 tus)
478 2677 605 2733 nobilem
635 2677 786 2749 (liberum,
812 2676 910 2751 litum)
941 2677 992 2732 alii
1021 2677 1056 2732 ad
1080 2677 1267 2734 occidendum
1289 2682 1447 2754 exposuerit

384 2766 426 2831 ΙΙ,
460 2766 566 2830 1-10;
598 2765 633 2821 de
660 2766 826 2822 hominibus
846 2767 897 2841 qui
917 2767 978 2822 sine
998 2766 1199 2842 compositione
1219 2768 1307 2823 occidi
1329 2781 1447 2844 possunt

384 2856 422 2919 Ι,
453 2858 570 2922 inscr.,·
589 2855 613 2911 si
633 2855 697 2929 quis
717 2855 834 2910 domum
854 2853 1064 2918 incenderit..,
1084 2861 1112 2909 et
1132 2855 1283 2911 (lominum
1305 2877 1445 2933 egressum

384 2945 488 3002 occidit
507 2942 574 3007 ΙΙΙ,
594 2942 630 3007 2ς
652 2943 686 2999 de
706 2944 823 2999 homine
843 2943 876 2999 in
896 2945 982 2999 turba
1002 2943 1091 2999 occiso
1111 2943 1189 3004 XIV,
1211 2946 1302 3001 inser.
1313 2966 1327 3012 ,·
1347 2948 1444 3021 quiin

384 3041 465 3089 curte
483 3031 565 3088 ducis
584 3041 634 3087 aut
654 3031 684 3087 in
705 3032 822 3087 ecclesie
841 3031 987 3087 homiuem
1012 3031 1147 3086 occiderit
1166 3032 1261 3095 ΧΙΙΙ,
1281 3033 1316 3097 2,
1338 3037 1389 3110 qui
1408 3037 1445 3092 le·

383 3130 483 3198 gotum
516 3120 589 3196 regis
619 3119 662 3175 rel
690 3118 770 3175 ducis
790 3120 925 3175 occiderit
945 3118 1040 3182 XVII,
1060 3119 1094 3181 3³
1116 3120 1139 3174 si
1159 3122 1223 3193 quis
1243 3132 1356 3196 patrem
1379 3125 1445 3197 (fre
1557 3099 1558 3132 i

381 3212 468 3286 trem)
489 3228 571 3265 suum
592 3208 725 3264 occiderit
745 3207 822 3271 XIX,
845 3209 869 3266 l.
890 3207 926 3271 2,
947 3209 998 3283 qui
1018 3207 1146 3264 obsidem
1166 3210 1298 3267 occiderit
1319 3214 1385 3277 XX,
1414 3215 1443 3278 13

383 3299 406 3356 si
426 3299 491 3373 quis
510 3298 657 3354 hominem
677 3296 812 3354 occiderit
832 3306 858 3353 et
888 3297 1068 3354 absconderit
1088 3297 1151 3358 XX,
1171 3297 1209 3360 2;
1227 3301 1279 3374 qui
1300 3303 1443 3360 hominem

382 3386 523 3445 faidosum
545 3387 589 3461 (iu
608 3389 689 3462 poce)
709 3387 842 3443 occiderit
862 3387 951 3444 Add.
973 3385 998 3451 I,
1021 3385 1053 3450 l,
1073 3387 1096 3441 si
1116 3387 1181 3460 quis
1201 3389 1353 3447 mulierem
1374 3393 1444 3450 occi-

382 3477 457 3533 derit
486 3475 574 3531 Adri.
606 3475 643 3539 Ι,
677 3475 711 3538 1;
742 3475 914 3532 sicabollus
933 3475 1106 3548 (hominem)
1126 3477 1228 3532 occidit
1248 3478 1338 3538 Add.
1359 3481 1398 3547 X,
1417 3481 1442 3540 2.

384 3563 431 3639 Cf.
452 3564 621 3628 interficere,
643 3581 762 3619 enecare
780 3572 808 3620 et
828 3564 1023 3620 homicidium.

342 3675 360 3712 o
371 3673 386 3710 c
397 3673 412 3710 c
423 3653 434 3708 I
446 3672 463 3709 n
474 3653 494 3708 d
505 3672 520 3708 c
532 3671 585 3709 rer
611 3653 634 3708 si
654 3653 719 3728 quis
738 3651 770 3707 in
789 3654 913 3709 flumine
933 3653 1008 3710 riam
1028 3652 1175 3728 publicam
1195 3656 1346 3714 occluserit
1357 3658 1442 3716 Adri.

381 3744 436 3808 ΙΙ,
456 3744 481 3800 Ι.
504 3741 551 3815 Gs.
573 3742 750 3798 obstrudere.

341 3834 511 3891 oculusr
542 3831 566 3887 si
596 3830 660 3906 quis
690 3831 805 3887 oculum
831 3837 940 3888 eruerit
960 3829 1056 3895 XXII,
1076 3831 1122 3888 16.
1144 3833 1232 3890 Arte.
1252 3833 1307 3898 ΙΙΙ,
1328 3836 1375 3892 tt,
1397 3835 1440 3893 18.

380 3922 436 3984 59;
468 3923 492 3978 si
523 3922 588 3997 quis
617 3920 733 3977 oculum
764 3921 803 3976 ita
833 3921 1016 3996 percusserit,
1046 3930 1079 3977 ut
1108 3940 1141 3977 eo
1161 3922 1257 3979 ridere
1277 3942 1337 3980 non
1357 3926 1442 4001 possit

379 4011 476 4076 XXII,
506 4010 559 4074 45,
592 4010 617 4066 si
644 4010 743 4066 oculus
762 4009 801 4064 ita
822 4029 972 4086 percussus
992 4010 1092 4075 fuerit,
1110 4019 1142 4067 ut
1163 4020 1331 4088 torqueatur
1352 4015 1441 4072 Actct

377 4100 432 4164 ΙΙΙ,
455 4100 499 4159 18.
521 4100 596 4158 Iud.
618 4100 704 4158 Wut.
727 4097 755 4157 7.
779 4099 827 4172 Os.
846 4100 986 4176 pupillus,
1005 4101 1156 4175 palpebre,
1175 4103 1374 4177 supercilium.

338 4189 418 4266 o'pju
431 4211 461 4248 se
491 4190 544 4264 qui
563 4210 635 4266 opus
655 4189 756 4246 servile
776 4189 823 4244 die
843 4189 987 4246 dominico
1007 4189 1104 4246 fecerit
1124 4189 1235 4255 XVIII,
1257 4192 1281 4250 l.

337 4298 428 4335 orae
459 4279 600 4355 producet
619 4279 765 4335 hominem
786 4285 814 4333 et
833 4277 910 4334 iuret
930 4287 1029 4336 teneus
1048 4298 1115 4337 eum
1142 4299 1194 4356 per
1214 4299 1295 4338 oram
1317 4282 1376 4358 sagi
1396 4281 1441 4338 sui

372 4366 453 4431 XIV,
473 4365 501 4424 5.
524 4365 569 4441 Of.
591 4367 700 4431 iurare,
720 4375 940 4424 sacramentum.
