3158 5464
413 575 508 642 nnn.
529 572 611 642 sn».
653 570 684 635 n
705 587 718 634 1
738 586 770 636 τ.
790 572 854 639 111.
894 580 911 661 6
931 577 983 641 66.
1181 577 1241 643 101

139 769 217 832 talis,
234 767 370 827 firmatur
389 767 506 845 capituli
526 766 564 825 68
583 767 677 825 serbis
696 768 840 831 extremis,
859 787 934 843 quac
953 769 997 826 ius
1017 769 1125 828 Frisiae
1144 772 1237 829 orien-

135 858 203 915 talis
221 867 444 930 commemorant
465 859 502 914 ab
521 875 555 913 eo
574 855 717 916 diuersum
737 856 815 930 quod
824 856 855 912 in
867 857 992 932 capitulo
1004 859 1065 934 ipso
1075 863 1234 936 expositum

135 956 196 1012 ests
227 946 264 1003 ad
296 945 419 1002 lirisiam
451 945 576 1002 mediam
604 952 699 1001 autem
727 945 852 1020 capitula
881 944 992 1003 68-70
1021 948 1099 1004 haud
1130 951 1237 1006 referre

134 1035 237 1100 selim,
254 1035 325 1112 quia
343 1034 436 1110 posita
455 1042 523 1091 suut
541 1033 618 1090 inter
637 1033 766 1110 capitula
786 1032 897 1091 59-75
917 1036 1036 1092 incilicia
1058 1037 1237 1098 Summundi

133 1124 288 1200 iuscripta,
316 1142 441 1198 quorum
471 1122 613 1180 nonnulle
641 1122 686 1178 ius
717 1121 883 1179 describunt
901 1124 979 1199 quod
999 1124 1107 1184 Frisiae
1127 1129 1238 1188 mediae

134 1213 265 1270 alienum
287 1220 339 1275 est,
358 1212 436 1270 conf.
448 1231 519 1287 cup.
539 1211 587 1269 59.
607 1209 654 1268 65.
676 1209 722 1268 66.
742 1210 791 1269 72.

178 1301 210 1336 ²⁴
252 1301 284 1360 si
313 1302 478 1378 quadrupes
506 1301 651 1358 hominem
671 1298 875 1366 vulneraverit,
894 1304 1060 1362 auctoritate
1081 1308 1236 1366 narbonem

134 1411 211 1467 quac
240 1399 367 1448 extremo
397 1410 459 1466 cap.
490 1389 529 1447 68
547 1399 615 1448 suut
635 1390 754 1454 adiecta,
774 1391 839 1447 iure
857 1391 966 1448 Frisiae
985 1394 1134 1451 orientalis
1154 1415 1237 1454 sanc-

134 1489 198 1537 tum
217 1489 269 1544 ast,
289 1488 319 1536 ut
339 1479 475 1537 domiuus
493 1479 691 1555 quadrupedis
711 1480 849 1536 muletam
869 1479 951 1537 daret
972 1482 1142 1560 simplicem,
1161 1506 1237 1562 quae

132 1576 180 1625 tar
206 1567 341 1626 solvenda
369 1567 480 1630 fuisset,
498 1568 522 1624 si
543 1567 602 1644 ipse
622 1566 726 1624 vulnus
746 1568 873 1631 fecissen
893 1569 924 1624 iu
944 1569 1037 1627 Frisia
1056 1575 1236 1640 occidentali,

132 1657 172 1714 ad
199 1675 287 1732 quam
307 1657 426 1732 capituli
446 1655 484 1714 68
510 1665 621 1732 partem
639 1654 764 1732 priorem
786 1656 921 1722 referam,
940 1658 1016 1715 solae
1036 1681 1053 1715 »
1065 1670 1121 1718 tres
1139 1674 1235 1739 partes

132 1745 170 1802 de
199 1745 261 1821 ipsa
291 1746 398 1802 mulcta
433 1753 656 1820 componuntur,
684 1755 790 1819 quarta
819 1746 949 1822 portione
979 1748 1127 1808 dimisss''.
1168 1752 1235 1810 Plu·

132 1835 225 1892 rImue
252 1834 329 1909 leges
361 1833 469 1890 Frisiae
488 1833 672 1895 recentiores,
689 1852 763 1907 quae
785 1834 870 1891 verba
888 1834 999 1892 faciunt
1019 1836 1172 1896 decadem
1192 1862 1235 1907 re,

131 1924 235 1982 volunt
264 1923 414 1979 domiuum
435 1921 631 1998 quadrupedis
651 1922 791 1978 muletam
811 1923 880 1979 dare
900 1923 1062 1991 dimidiam,
1079 1939 1129 1986 aut
1150 1934 1233 1988 tertia

131 2020 215 2090 perte
244 2012 432 2076 diminutam,
461 2031 520 2069 uon
550 2030 671 2088 poenam
699 2012 794 2089 pacis3
826 2012 1050 2072 fundamentum
1070 2036 1182 2084 aarum,
1201 2032 1234 2079 ut

131 2102 174 2158 ite
192 2101 350 2166 dieam,est
369 2101 532 2158 constitutio
552 2099 731 2165 duodecime,
752 2100 836 2178 vulgo
855 2101 1233 2176 londriacthIIdicta,

130 2190 216 2248 initio
236 2189 342 2247 saeculi
362 2189 464 2246 decimi
484 2191 560 2246 tertii
580 2191 701 2267 scriptae
719 2191 748 2246 si
767 2190 845 2263 qnid
857 2190 1056 2264 denssecerit,
1076 2198 1124 2254 vel
1138 2219 1232 2258 cornu

132 2299 184 2336 eeu
210 2281 340 2354 cingulo,
367 2281 413 2334 vel
429 2280 511 2352 galli
529 2281 661 2340 octricus,
680 2297 729 2334 eeu
749 2297 863 2343 seroroe,
885 2281 931 2336 uel
948 2282 1053 2355 insons
1071 2287 1159 2360 infra
1178 2309 1233 2347 ars.

132 2388 196 2434 noa,
223 2371 272 2426 cel
297 2370 362 2424 oiri
391 2387 484 2430 timor,
511 2370 560 2425 cel
586 2369 638 2424 vir
656 2369 719 2441 ipse
731 2375 803 2441 post
824 2376 944 2442 tergum
954 2372 1079 2442 fecerit,
1097 2379 1126 2430 st
1143 2377 1181 2434 id
1198 2382 1232 2436 in

133 2460 275 2532 reliquiis
305 2458 465 2530 verificare
495 2458 634 2520 coluerit,
664 2457 745 2532 quod
772 2459 835 2531 ipsi
864 2459 917 2514 boc
927 2458 1042 2529 fecerit
1063 2465 1232 2525 incoluntu-

131 2549 218 2603 rium
239 2549 364 2621 sactum
392 2554 420 2602 et
439 2545 572 2608 cenwelcl,
591 2553 662 2602 tunc
681 2545 762 2602 debet
781 2544 819 2601 id
837 2547 992 2603 emendari
1011 2568 1078 2607 cnm
1097 2554 1232 2615 dimidia

131 2635 282 2700 emendo,·
311 2636 398 2691 neella
422 2653 520 2708 poena
535 2637 625 2708 pacis
644 2636 769 2691 debetur
781 2638 895 2708 populo
914 2655 966 2692 nec
985 2638 1122 2707 skztlteto,
1142 2643 1230 2706 llrios.

132 2724 266 2798 Rechtsq.
295 2742 326 2798 p.
346 2722 402 2786 60³
423 2723 499 2779 conf.
520 2741 586 2778 cum
606 2724 660 2779 hac
681 2722 881 2780 constitutione
900 2723 976 2798 leges
995 2746 1068 2801 quae
1089 2733 1232 2804 pertinent

132 2812 171 2869 ed
202 2810 323 2868 Frisium
352 2811 521 2868 orientalem
551 2811 582 2867 in
611 2809 698 2867 Fries.
726 2810 857 2886 Rechtsq.
877 2829 906 2886 p.
927 2811 966 2868 60
985 2812 1037 2872 lin.
1057 2815 1105 2876 26.
1124 2837 1155 2894 p.
1174 2822 1231 2881 205

132 2901 215 2978 544.
235 2899 282 2957 45.
301 2920 331 2976 p.
352 2898 442 2976 226§
465 2898 500 2957 18
520 2909 595 2975 etp.
619 2898 706 2974 1776
729 2898 795 2960 182.
813 2908 839 2955 61
858 2899 895 2956 ad
916 2899 1037 2959 Frisium
1058 2908 1181 2968 mediam
1200 2913 1233 2970 in

133 2991 224 3047 Fries.
255 2989 388 3064 Rechtsq.
419 3009 448 3063 p.
480 2985 513 3042 61
546 2988 600 3045 liu.
631 2986 678 3045 26.
697 3008 727 3064 p.
748 2987 805 3044 472
825 2988 838 3064 ξ
859 2988 979 3048 67-70.
1000 2991 1057 3050 446
1078 2996 1091 3071 ξ
1111 2997 1231 3062 20-22,

133 3079 192 3137 456
222 3076 385 3154 §nl-23.
410 3076 467 3134 494
487 3076 500 3152 ξ
524 3076 567 3133 15.
600 3074 790 3135 1649715.
814 3076 859 3136 16.
901 3078 1058 3139 lleeedem
1080 3105 1112 3142 re
1131 3093 1233 3148 eonsti-

133 3177 228 3226 tutum
259 3176 300 3224 est
329 3167 361 3222 iu
390 3166 453 3242 lege
473 3167 621 3224 Saxonum
640 3164 712 3223 XIII
732 3166 790 3241 (ed.
809 3165 918 3224 Merkel
938 3188 963 3226 6.
983 3168 1051 3240 tu:
1071 3179 1100 3230 st
1117 3183 1237 3238 animal

133 3259 283 3336 quodlibet
313 3258 459 3314 domnam
489 3257 610 3313 cuilibet
641 3258 792 3319 intulerit,
822 3259 860 3313 ab
890 3277 921 3314 eo
950 3262 1036 3316 cuim
1065 3270 1233 3326 constiterit

133 3355 340 3422 cornponatur,
368 3353 491 3421 excepeto
512 3346 611 3420 saida
622 3363 635 3410 ,·
654 3345 685 3401 iu
705 3344 766 3419 lege
786 3345 1000 3422 Thuringorum
1019 3348 1060 3406 XI
1080 3351 1139 3425 (ed.
1158 3354 1232 3413 Mer.

133 3437 182 3494 leel
212 3436 249 3500 V,
276 3435 324 3506 ll:
346 3436 374 3491 si
401 3435 575 3510 qicodmipes
603 3434 749 3489 damnum
780 3434 930 3508 quodlibet
939 3437 1063 3514 fecerit,
1082 3459 1233 3514 possessor

126 3545 190 3602 pro
219 3525 367 3601 qualitate
397 3525 515 3587 damni,
543 3524 591 3579 cel
618 3523 854 3595 impositionem
873 3525 980 3590 soleat,
998 3529 1045 3589 cel
1061 3547 1232 3592 sacramen.

133 3625 200 3672 tum
219 3616 302 3669 iuret
310 3631 325 3679 ,·
343 3613 416 3669 conf.
439 3611 530 3668 1161161.
550 3610 667 3667 Bethar.
688 3630 713 3667 e.
734 3609 808 3675 3303
828 3620 857 3667 et
874 3612 906 3669 in
926 3613 981 3690 leg.
1002 3615 1062 3676 Sal.
1083 3637 1106 3677 c.
1127 3621 1165 3680 36
1184 3626 1230 3685 od,

132 3702 261 3762 Merkel:
291 3704 321 3758 si
349 3705 418 3778 quis
448 3703 533 3758 borno
560 3720 599 3756 ecc
625 3702 753 3776 quolibet
782 3702 978 3776 meodtupede
1006 3706 1164 3768 darnestico
1184 3734 1230 3772 oc-

133 3797 214 3853 cisus
232 3793 349 3863 suevit,
374 3790 561 3846 medietatem
580 3791 799 3864 compositionis
818 3790 957 3847 dominae
977 3794 1074 3865 ipsiius
1094 3801 1230 3872 plectra.

125 3883 219 3958 pedis
239 3887 366 3956 copotu'r
385 3881 543 3942 exsoluere,
562 3880 663 3951 ipsum
684 3897 752 3934 cero
771 3878 996 3952 qeeodmepedem
999 3900 1062 3955 pro
1072 3887 1229 3947 medietate

132 3971 353 4045 impositionis
383 3970 529 4024 restituat
558 3968 738 4042 repicitenti,
766 3965 843 4024 conf.
870 3966 891 4024 1.
921 3967 986 4044 Rip.
1016 3987 1040 4026 6.
1069 3969 1116 4029 46.
1157 3975 1231 4034 Vide

131 4061 232 4119 wilda
251 4078 282 4135 p.
300 4055 367 4114 555.
387 4054 454 4114 588.

174 4150 206 4185 ²⁵
249 4147 337 4222 Leges
363 4145 472 4202 Frisiae
502 4145 672 4201 recentiores
692 4143 813 4201 vulnera
831 4155 990 4211 recensent,
1009 4167 1082 4222 quaa
1101 4149 1230 4212 fecerunt

131 4242 233 4299 lioreee
252 4236 310 4310 (sel
329 4235 476 4310 bingstes)
497 4235 559 4307 bos,
579 4235 728 4291 britleree
748 4233 806 4308 (uel
827 4235 898 4311 occo)
919 4236 1234 4314 bmn,sbe1›pesbmn‚

130 4331 242 4388 swinee
263 4326 338 4389 totb,
356 4323 471 4382 brandeo
491 4323 572 4388 tutele,
591 4323 678 4381 botta
697 4324 752 4386 bit,
771 4324 851 4380 bona
869 4325 949 4382 etsel.

174 4416 207 4452 ¹⁸
250 4413 295 4472 (11.
315 4410 547 4471 6166236124.
