3156 5464
513 582 627 644 lubun
650 583 779 647 Renum
1150 583 1211 649 147

109 779 359 835 necessitas:
390 776 413 831 si
432 776 507 832 liber
527 776 612 832 homo
633 779 796 834 necessitate
815 785 926 834 coactus
946 779 977 833 in
998 778 1145 834 servitium
1159 779 1203 835 liti

142 887 170 924 se
188 866 348 925 subdiderit
367 864 421 929 XI,
443 865 468 920 I.

107 975 275 1031 negares
304 955 337 1030 a)
367 954 391 1011 si
416 972 474 1010 nou
495 954 651 1028 negaverit,
671 956 760 1012 solvat
781 956 806 1019 l,
829 957 879 1019 11,
902 957 926 1012 si
945 975 1052 1033 negare
1072 975 1130 1012 non
1151 976 1203 1032 po·

141 1046 237 1110 tuerit,
264 1043 355 1101 solvat
383 1043 537 1116 (restituat)
568 1041 608 1101 II.
640 1043 669 1101 5.
700 1044 754 1109 lll,
784 1045 820 1108 23
842 1046 939 1102 iurare
959 1045 1074 1103 debebit
1095 1046 1202 1118 (sacre-

141 1143 236 1191 mento
255 1152 284 1189 se
304 1141 431 1195 excuset3
451 1131 538 1207 iuret)
557 1140 607 1187 aut
626 1134 651 1188 si
662 1152 766 1210 negare
785 1153 846 1190 non
865 1134 1203 1209 potuerit,solvat(oom-

141 1226 240 1299 ponat)
270 1221 311 1286 Il,
342 1221 431 1284 6-9;
463 1221 626 1297 interpellet
657 1241 724 1278 cum
754 1225 785 1279 iu
815 1223 932 1300 placito,
960 1231 988 1279 et
1008 1224 1031 1278 si
1051 1223 1101 1278 ille
1121 1225 1155 1295 (i.
1176 1242 1199 1279 e.

140 1311 349 1388 interpellatus)
378 1329 483 1386 negare
511 1329 571 1366 non
598 1311 733 1386 potnerit,
751 1322 804 1369 eto.
825 1311 907 1378 XIV,
926 1312 953 1370 4.
984 1313 1014 1388 b)
1035 1312 1059 1368 si
1079 1331 1201 1388 negave-

140 1399 195 1464 rit,
225 1401 301 1457 iuret
331 1399 373 1473 (se
402 1400 526 1474 excuset)
556 1418 622 1456 cum
651 1409 705 1458 etc.
735 1400 769 1465 I,
799 1401 900 1459 2-10.
941 1400 985 1458 12.
1019 1399 1063 1457 15.
1094 1399 1144 1465 11,
1172 1399 1201 1458 3.

140 1487 168 1546 1.
187 1487 233 1546 10.
257 1489 291 1549 V.
310 1488 337 1545 2.
368 1487 433 1548 XX,
453 1487 482 1545 2.
503 1487 590 1545 Ado.
611 1488 686 1553 Illb,
709 1489 729 1546 1.
747 1509 782 1564 p.
805 1490 862 1555 353
882 1489 906 1546 si
939 1508 1044 1566 negare
1067 1489 1200 1554 voluerit,

139 1577 214 1634 iuret
243 1577 298 1640 Ill,
330 1569 362 1634 1.
376 1577 409 1638 32
430 1577 567 1643 exsolvat,
587 1588 635 1634 aut
656 1579 680 1634 si
701 1597 806 1655 negare
827 1580 956 1644 voluerit,
975 1588 1152 1636 sacramento
1171 1599 1201 1636 se

138 1684 273 1723 excusare
292 1667 376 1724 debet
396 1666 437 1730 ll,
461 1667 511 1729 113
532 1667 555 1722 si
575 1667 733 1743 negaverit,
751 1669 826 1724 iuret
846 1669 926 1726 iuxta
945 1668 1023 1743 quod
1042 1667 1201 1725 Iudexdic-

140 1755 241 1811 taverit
271 1754 325 1819 IV,
354 1755 390 1818 3;
420 1756 444 1811 si
464 1774 569 1831 negare
590 1757 722 1820 voluerit,
739 1757 816 1832 quod
838 1758 958 1814 vulnera
977 1757 1099 1821 fecisset,
1117 1757 1201 1814 liceat

139 1842 182 1898 illi
213 1844 248 1918 (1.
280 1864 303 1902 e.
325 1845 485 1918 vulnerato)
515 1863 568 1901 sna
598 1845 684 1902 solius
714 1865 802 1904 mauu
833 1855 1043 1903 sacramentum
1064 1865 1200 1921 peragere

140 1932 230 1989 Add.
262 1933 318 1996 III,
347 1933 400 1996 19;
433 1933 455 1989 si
485 1943 582 2009 postea
602 1953 705 2009 negare
726 1935 859 1999 voluerit,
879 1953 908 1992 se
928 1936 981 1990 hoc
999 1935 1107 1998 fecisse,
1125 1933 1202 1991 dicat

139 2020 187 2077 ille
216 2025 251 2095 (i.
281 2043 304 2080 e.
326 2023 544 2098 Interpellans)=
564 2032 613 2080 aut
633 2043 684 2100 ego
704 2043 805 2083 cum..
828 2025 959 2099 (iuvem),
978 2024 1021 2080 vel
1043 2033 1074 2080 tu
1092 2042 1194 2082 cum..

139 2109 242 2184 (iures)
262 2109 314 2175 XI,
339 2110 370 2174 l;
391 2111 414 2166 si
435 2111 591 2186 negaverit,
610 2110 686 2167 iuret
715 2119 835 2184 uterque
853 2119 881 2166 et
900 2111 938 2168 ad
958 2111 1199 2168 examinationem

138 2199 275 2256 ferventis
304 2218 397 2274 aquae
416 2199 531 2255 accedat
561 2199 615 2267 111,
646 2199 684 2262 83
715 2219 767 2276 ego
787 2201 885 2256 iurare
905 2201 979 2264 volo,
1000 2209 1042 2263 tu,
1060 2199 1082 2256 si
1103 2199 1203 2263 audes,

139 2307 212 2363 nega
242 2298 454 2344 sacramentum
486 2307 582 2344 meum
612 2296 640 2345 et
670 2290 758 2344 armis
789 2308 901 2344 mecum
932 2289 1072 2346 contende
1094 2277 1199 2351 X1.3;

138 2375 213 2433 iuret
234 2395 321 2440 uuus,
339 2385 367 2433 et
386 2376 461 2432 alius
482 2386 575 2452 neget,
594 2386 622 2432 ot
642 2379 672 2432 in
692 2395 827 2452 campum
853 2386 955 2433 exeant
975 2376 1028 2442 XI,
1047 2377 1082 2439 3³
1103 2378 1128 2433 si
1148 2379 1201 2433 boc

138 2473 348 2521 sacramentum
380 2484 485 2537 negare
505 2465 584 2526 velit,
602 2465 678 2521 iuret
699 2467 831 2541 (negans)
852 2475 879 2520 et
899 2467 929 2521 iu
951 2483 1083 2541 campum
1104 2485 1202 2541 proce·

135 2553 187 2610 dat
219 2554 300 2615 XIV,
329 2553 365 2618 5;
396 2555 419 2610 si
438 2555 527 2610 luerit
548 2563 695 2630 negatum,
713 2564 740 2611 et
761 2555 877 2619 iterum,
896 2564 924 2611 et
942 2556 1047 2611 iterum
1068 2554 1202 2630 depubli-

138 2652 235 2699 catum
257 2644 347 2701 Add.
367 2643 432 2707 Vll,
456 2644 479 2700 Ι.

103 2733 291 2789 nescire:
320 2736 352 2798 ot
383 2733 407 2788 si
437 2751 534 2788 servus
564 2732 667 2796 alium,
687 2732 828 2790 nesciente
849 2733 966 2789 domino
987 2732 1131 2795 occiderit,
1151 2731 1203 2787 do-

142 2825 240 2879 minus
268 2823 329 2878 eins
347 2823 434 2884 iuret,
454 2821 555 2877 house
575 2840 633 2877 nou
652 2822 766 2878 iussisse
786 2821 811 2886 l,
834 2821 886 2882 133
906 2825 946 2895 es.
967 2821 1106 2877 voluntas.
1128 2823 1157 2891 11
1178 2821 1202 2876 si

138 2914 230 2969 libera
261 2910 387 2966 foemina
417 2910 469 2965 lito
497 2910 637 2986 nupserit,
664 2910 791 2966 nesciens
822 2929 887 2967 eum
907 2910 990 2967 litum
1010 2930 1070 2966 esse
1090 2910 1144 2974 Vl,
1166 2910 1199 2973 la

139 3005 178 3075 cs.
198 3001 342 3076 ignorare.

101 3090 286 3147 nobilis:
315 3092 347 3159 a)
368 3088 392 3150 1,
426 3087 449 3143 l.
470 3087 552 3144 3·5.
574 3088 603 3146 8.
627 3088 670 3146 10.
694 3088 738 3146 ll.
762 3089 806 3146 13.
829 3089 873 3148 lt.
899 3089 942 3146 16.
967 3089 1010 3146 17.
1035 3089 1080 3150 19.
1109 3091 1150 3157 11,
1173 3091 1199 3150 l.

139 3179 166 3237 1.
198 3177 226 3236 6.
258 3179 285 3235 9.
318 3177 372 3242 111,
404 3177 427 3234 l.
456 3176 523 3242 VII,
543 3175 570 3235 2.
590 3178 644 3242 IX,
668 3179 692 3235 1.
713 3177 741 3236 8.
767 3178 809 3236 12.
835 3178 878 3236 11.
903 3178 946 3236 15,
966 3179 1018 3244 XI,
1043 3181 1066 3238 l.
1088 3179 1153 3243 XV,
1173 3180 1199 3239 1.

138 3267 219 3331 ΧΧ1,
253 3267 278 3324 l.
308 3266 403 3330 XXII,
433 3265 480 3323 90.
510 3265 597 3324 Adel.
619 3267 674 3332 III,
694 3265 738 3324 58.
762 3267 809 3324 72.
829 3271 857 3336 1)
878 3267 932 3324 Ille
951 3278 1101 3342 componat
1121 3288 1200 3334 eum,

137 3357 334 3430 cuiuscunque
364 3355 450 3411 luerit
478 3356 701 3431 compositionis,
730 3357 788 3411 sive
816 3355 931 3419 nobilis,
962 3356 1019 3412 sire
1040 3356 1125 3422 liber,
1143 3358 1201 3416 sivo

137 3445 208 3502 litus
235 3446 270 3500 sit
300 3443 369 3508 Vll,
389 3442 425 3509 23
442 3444 469 3499 si
489 3443 554 3518 quis
576 3444 700 3500 nobilem
721 3443 866 3508 occiderit,
885 3454 1038 3520 componat
1057 3454 1108 3504 etc.
1129 3446 1154 3511 I,
1176 3448 1200 3504 1.

138 3534 164 3592 5.
187 3533 224 3598 83
245 3534 413 3609 weregildus
433 3533 540 3589 nobilis
559 3532 585 3596 I,
610 3533 661 3596 1ος
682 3532 848 3608 compositio
868 3533 992 3590 bominis
1012 3535 1117 3592 nobilis
1136 3535 1201 3600 XV,

48 3675 51 3682 ,
140 3624 166 3682 1.
197 3622 294 3686 XXII,
325 3622 372 3679 90.
404 3622 493 3678 Add.
523 3621 579 3686 Ill,
609 3620 657 3678 58.
679 3621 734 3685 72;
755 3622 879 3679 foemina
900 3623 1005 3679 nobilis
1025 3622 1073 3688 IX,
1100 3625 1123 3683 l.
1151 3624 1200 3691 t2;

137 3711 237 3788 puella
257 3711 361 3767 nobilis
380 3709 432 3774 IX,
452 3709 485 3774 8;
505 3711 528 3767 si
547 3729 645 3767 servus
665 3710 789 3768 nobilem
810 3711 954 3782 occiderit,
975 3721 1027 3772 ete.
1048 3713 1073 3777 Ι,
1097 3714 1140 3771 13.
1156 3715 1200 3774 lb.

141 3799 196 3864 193
226 3800 252 3856 si
279 3799 384 3866 nobilis
412 3800 512 3875 (liber)
542 3800 668 3857 nobilem
698 3800 848 3875 (liberum)
877 3799 934 3857 alio
953 3800 991 3856 ad
1009 3801 1197 3863 occidendum

137 3889 302 3966 exposuerit
329 3889 370 3954 11,
405 3889 430 3946 l.
460 3889 487 3945 4.
508 3888 535 3944 6.
557 3888 593 3954 93
612 3891 635 3946 si
655 3889 761 3945 nobilis
781 3888 882 3966 (liber)
901 3889 1026 3946 nobilem
1048 3899 1127 3948 extra
1147 3912 1199 3968 pa-

138 3980 226 4036 triam
247 3977 405 4035 vendiderit
425 3976 505 4042 XXI,
528 3979 551 4036 1.

101 4067 359 4126 notnumltie
390 4069 430 4125 lle
449 4068 606 4125 notuumfti
625 4067 711 4132 VIII,
730 4071 822 4125 inser.
845 4067 891 4145 Of.
913 4070 963 4127 vis.
1063 4077 1065 4081 ’

101 4177 263 4215 novem=
292 4177 393 4216 novem
416 4156 581 4233 weregildus
599 4166 751 4233 componat
770 4157 863 4220 XXII.
884 4157 920 4221 2;
941 4163 979 4234 cs.
999 4163 1105 4221 novies.

100 4247 266 4308 novies:
295 4247 391 4304 novies
411 4254 563 4323 componat
581 4265 647 4303 eum
668 4246 736 4312 Vll,
755 4247 785 4307 2.
813 4245 908 4311 XVII,
929 4248 957 4306 3.
977 4246 1041 4316 XX,
1062 4251 1086 4308 1.
1108 4253 1196 4315 Ado.

143 4335 172 4399 I,
204 4335 238 4400 13
257 4337 354 4394 novies
377 4336 559 4412 weregildum
579 4335 641 4392 eius
659 4345 810 4412 componat
830 4335 925 4401 XVII,
944 4337 979 4402 23
1002 4341 1098 4398 novies
1118 4343 1199 4400 daui-

136 4443 213 4482 num
245 4435 396 4502 componat
423 4424 475 4483 XV
476 4425 516 4489 11,
539 4425 572 4491 13
592 4427 689 4482 novies
706 4424 819 4483 fredam
839 4427 979 4501 persolvat
999 4428 1094 4495 XVII,
1115 4432 1208 4499 1-35
