3144 5460
339 587 386 634 XL
743 583 813 634 LEX
833 582 1038 635 remonuit.

338 791 461 858 denarii
492 787 633 879 Frisioi).
680 788 767 856 Vide
790 790 922 857 titulum
944 789 973 856 L
996 791 1077 880 legia
1100 790 1293 858 Frisionum.

384 897 426 963 In
457 896 552 962 titulo
587 893 659 964 XV
694 896 775 986 legio
806 895 1008 976 Frisionum,
1039 920 1136 984 quem
1167 895 1326 963 secundae
1351 897 1449 984 parti

333 1003 415 1093 legia
427 1001 568 1068 Frieioae
581 1005 641 1087 (=
651 1000 705 1092 ΙΙ)
723 1001 863 1081 attribui,
880 1002 1099 1092 weregeldum
1114 1003 1252 1070 hominia
1268 1002 1362 1069 liberi
1378 1025 1449 1067 no·

331 1110 380 1176 bie
415 1108 557 1174 oeonrrit
594 1109 660 1173 110
695 1105 870 1174 solidorum
905 1133 949 1170 =
981 1110 1001 1173 2
1033 1131 1060 1186 χ
1093 1107 1157 1201 53}
1184 1119 1220 1176 4-
1246 1111 1287 1204 3}
1316 1107 1447 1174 solido-

334 1233 407 1282 rum
447 1216 506 1301 (=
530 1212 714 1290 320410
755 1210 958 1278 denariorum
996 1213 1227 1303 Frisioorum),
1263 1212 1353 1299 quod
1387 1224 1446 1279 eet

335 1319 458 1406 duplex
500 1316 718 1406 weregeldum
761 1317 841 1406 logie
879 1317 1118 1404 antiquissimae
1149 1329 1280 1386 auotum
1312 1319 1353 1412 δὲ
1385 1340 1445 1384 eo-

333 1423 427 1505 lidie,
449 1424 504 1491 vel
527 1423 639 1489 denam
662 1421 800 1488 denariis
823 1421 964 1489 Frisioia
1010 1421 1064 1489 Ex
1087 1424 1269 1514 weregeldo
1300 1423 1445 1488 hominis

335 1531 429 1597 liberi
462 1529 497 1594 in
531 1528 626 1593 titulo
661 1526 734 1594 XV
769 1527 851 1616 logie
886 1527 987 1608 Pria,
1018 1526 1059 1593 ad
1087 1529 1226 1596 Frisium
1249 1529 1444 1595 orientalem

335 1633 565 1724 pertinentem,
604 1630 785 1721 weregelda
822 1632 958 1699 hominis
997 1633 1112 1700 nobilia
1151 1632 1364 1720 duplicando,
1403 1645 1444 1700 et

336 1737 472 1806 hominia
504 1738 553 1803 liti
586 1735 799 1819 dimidiando,
831 1748 906 1804 eunt
927 1738 1080 1820 formata,
1104 1741 1150 1806 itu
1173 1751 1211 1804 ut
1233 1739 1354 1805 homini
1378 1763 1442 1804 no·

336 1845 394 1912 bili
432 1843 634 1910 solverentur
671 1845 736 1922 2><
755 1845 821 1910 110
857 1842 950 1910 solidi
984 1877 1028 1913 =
1064 1845 1132 1911 220
1167 1843 1258 1910 eolidi
1283 1843 1343 1932 (=
1367 1844 1441 1911 660

335 1949 458 2018 denarii
493 1946 642 2038 Frieiei),
679 1947 798 2014 homini
834 1948 891 2014 lito
916 1959 1022 2015 autem
1046 1951 1192 2044 p><110
1219 1949 1311 2015 aolidi
1329 1985 1373 2022 =
1391 1951 1439 2015 55

335 2056 430 2122 solidi
464 2054 523 2143 (Ξ
560 2053 626 2118 165
663 2050 787 2118 denarii
821 2051 961 2143 Frisioi).
996 2051 1084 2119 Vide
1118 2054 1249 2120 titulum
1284 2053 1374 2134 XV,
1404 2067 1441 2120 et

336 2183 420 2247 quae
442 2158 561 2225 ibidem
584 2167 659 2223 eunt
683 2156 844 2222 adnotata.

381 2265 423 2330 In
454 2262 632 2330 Additione
663 2263 743 2351 legia
767 2261 910 2328 Frieioae
934 2262 993 2349 (z
1015 2261 1088 2352 111)
1113 2264 1330 2352 weregeldum
1354 2265 1440 2352 legia

336 2371 573 2461 antiquissimae
605 2380 654 2434 est
684 2368 899 2455 triplicatum,
931 2370 976 2434 ita
998 2380 1039 2435 ut
1061 2371 1181 2436 homini
1205 2371 1306 2436 libero
1330 2371 1439 2436 solve-

335 2488 426 2545 retur
456 2474 675 2564 weregeldum
707 2475 780 2551 3><
805 2473 869 2567 53ῐι
892 2474 1068 2540 solidorum
1092 2495 1135 2532 =
1162 2477 1228 2542 160
1259 2474 1438 2541 solidorum

335 2584 395 2673 (Ξ
424 2584 494 2649 480
527 2579 730 2645 denariorum
760 2577 991 2668 Frisioorum);
1025 2603 1065 2646 ex
1089 2603 1154 2666 quo
1179 2578 1309 2666 quidem
1333 2581 1438 2646 homi-

334 2714 413 2758 num
445 2686 599 2753 nobilium
635 2693 668 2749 et
701 2683 833 2748 litorum
868 2684 1047 2773 weregelda
1078 2683 1189 2752 eadem
1212 2686 1336 2751 ratione
1361 2695 1438 2750 sunt

336 2795 489 2874 formata,
513 2814 578 2878 qua
600 2789 635 2854 in
656 2799 750 2876 parte
772 2789 853 2878 legis
880 2790 1098 2876 antiquissimu
1121 2801 1155 2855 et
1178 2790 1326 2855 seeundo.

382 2897 571 2985 Triplioutio
603 2895 688 2960 diota
719 2894 892 2981 weregeldi
922 2895 955 2959 in
987 2892 1165 2960 Additione
1188 2894 1269 2984 legia
1293 2893 1438 2961 Frisioae

335 3003 465 3071 direotie
489 2999 595 3065 verbis
619 3019 683 3062 non
708 3008 756 3062 eat
780 2999 962 3077 enuntiata,
987 3021 1092 3085 neque
1116 3011 1223 3066 tamen
1247 3000 1312 3066 ullo
1340 2985 1438 3066 modo

335 3112 369 3177 in
394 3106 528 3172 dubium
550 3101 665 3170 referri
688 3112 807 3189 potest,
831 3103 963 3170 eandem
988 3115 1067 3170 tuno
1089 3105 1168 3171 iuria
1191 3104 1308 3173 Frisioi
1322 3105 1435 3184 fuisse,

336 3211 424 3305 quod
464 3207 594 3299 quidem
634 3207 854 3272 demonstrant
892 3209 1031 3274 mulctae
1065 3209 1223 3296 plurimae
1259 3210 1344 3276 tituli
1379 3210 1438 3277 ΙΙΙ

335 3317 521 3386 Additionie
544 3313 712 3399 inscripti:
737 3313 808 3378 Hoo
831 3324 927 3378 totum
949 3317 983 3377 in
1006 3315 1100 3401 triplo
1123 3318 1325 3402 componitur,
1343 3318 1438 3383 verbi

334 3425 456 3516 gratier
493 3417 581 3485 Add.
617 3417 691 3498 III,
731 3419 759 3482 1.
790 3440 850 3505 pra
884 3441 920 3485 aa
955 3431 1017 3486 toto
1052 3422 1201 3486 abnouae
1235 3435 1439 3508 componatur

334 3543 368 3596 ut
389 3549 516 3605 manua,
537 3526 573 3588 id
596 3537 638 3589 eat
660 3524 757 3588 tribua
781 3537 809 3590 ot
834 3523 878 3590 50
901 3526 1009 3590 solidis
1032 3539 1060 3591 et
1082 3528 1237 3604 tremitum
1261 3526 1348 3592 Add.
1368 3527 1436 3611 ΠΙ,

336 3637 374 3702 8:
410 3635 438 3698 ai
473 3631 541 3718 quia
577 3627 674 3694 olium
708 3630 755 3692 ita
772 3629 823 3692 ‘in
858 3641 952 3716 rapot
982 3634 1183 3716 percurrerit,
1214 3645 1249 3698 ut
1270 3636 1383 3698 aarum
1407 3651 1439 3702 ot

333 3751 434 3806 maora
464 3737 631 3825 officiatur,
654 3744 700 3799 ter
729 3733 774 3799 50
797 3734 895 3799 tribue
916 3735 1023 3801 aolidir
1048 3750 1076 3802 et
1098 3740 1233 3804 nemore
1256 3753 1439 3825 componat,-

334 3843 424 3912 Add.
459 3841 533 3921 III,
570 3840 631 3904 6οι
668 3840 724 3923 qa·
756 3839 903 3905 teatiouloa
932 3842 990 3906 atti
1012 3845 1188 3923 euomuerit,
1213 3857 1261 3911 ter
1283 3847 1437 3930 quiaqua-

333 3954 422 4040 9iato
451 3960 511 4013 tres
542 3944 658 4009 solidor
683 3955 711 4010 et
733 3946 906 4011 mmmmm.
930 3983 978 3996 -
1001 3945 1234 4036 Weregeldum
1258 3949 1339 4038 legis
1362 3949 1437 4018 Fri·
1531 3969 1532 3996 ι

335 4055 461 4120 sionum
482 4048 737 4135 antiquissimum
752 4049 786 4114 in
810 4049 986 4116 Additione
1008 4051 1087 4141 legis
1111 4050 1293 4119 Frisiorum
1317 4053 1437 4122 dicitur

336 4157 487 4242 simplex,
519 4152 595 4219 vido
626 4153 802 4241 capitulum
835 4155 879 4220 58
903 4155 989 4222 tituli
1012 4155 1069 4222 ΙΙΙ
1094 4155 1296 4224 Additionie:
1319 4161 1366 4226 ibi
1387 4159 1436 4249 (in
1530 4229 1531 4232 ,

335 4260 441 4327 Frisia
476 4257 679 4349 occidentali)
714 4260 824 4326 nobile
859 4261 946 4326 domo
973 4259 1060 4344 106}
1086 4262 1193 4329 eolidia
1215 4265 1332 4352 aimplo
1356 4289 1435 4331 oom-

329 4366 484 4457 poaitiooo
521 4365 667 4445 soluetur,
708 4374 742 4430 et
776 4365 1014 4456 inscriptionem
1050 4367 1138 4434 tituli
1182 4369 1201 4434 Ι
1236 4370 1316 4458 legis
1352 4369 1435 4436 Fris.
