3156 5464
363 567 424 631 156
777 562 892 627 lscsx
912 563 1051 628 Rsaun.

367 780 407 818 sa
420 761 529 818 nias:
560 761 584 818 si
603 779 656 836 per
674 759 784 816 fistulas
804 758 959 834 (vulneris)
979 759 1073 814 sanies
1092 758 1219 816 decurrit
1240 761 1328 819 Aeta.
1347 762 1406 826 Ill,
1422 761 1472 819 45.

407 849 454 925 Cf.
475 852 590 914 humor.
609 849 755 925 liduuagi.

365 960 405 997 sa
415 960 434 1016 p
446 940 482 996 ie
494 960 511 996 rr
523 961 536 996 s
547 963 554 996 s
585 939 700 996 Additio
719 939 880 1015 sapientum
901 941 994 994 inser.
1010 955 1044 1012 p.
1064 937 1113 996 27.

364 1029 647 1087 satisfaceret
677 1029 832 1085 satisfaciat
861 1028 888 1083 ai
918 1027 1059 1084 solutione
1090 1027 1235 1104 weregildi
1265 1028 1318 1094 IX.
1351 1028 1395 1086 10.
1420 1027 1469 1104 Os.

404 1118 557 1174 satisfactio
578 1127 603 1174 et
624 1118 694 1174 cide
714 1118 865 1180 redimere.
884 1116 1049 1178 emandare.
1069 1134 1249 1192 componere.

363 1207 637 1265 satisfactio:
665 1217 816 1281 componat
846 1206 873 1261 ei
907 1205 1092 1280 weregildum
1112 1204 1149 1260 ad
1170 1206 1392 1262 satisfactionem
1414 1205 1470 1271 IX,

402 1295 440 1360 83
462 1297 501 1368 cf.
520 1296 692 1352 satisfacere.

365 1403 491 1462 scapu
503 1385 561 1443 las
582 1384 605 1440 si
625 1386 731 1440 humor
750 1383 782 1438 iu
802 1382 976 1444 summitate,
995 1401 1053 1456 qua
1078 1382 1227 1439 brachium
1248 1383 1382 1459 scapulae
1400 1387 1470 1440 iun·

403 1475 482 1550 gitur
500 1472 595 1536 XXII.
616 1472 663 1530 40.
684 1471 739 1536 443
761 1471 912 1529 brachium
932 1471 1012 1527 iuxta
1031 1469 1176 1545 scapulam
1196 1471 1353 1528 abscissum
1374 1472 1470 1537 XXII.
1567 1535 1568 1540 .

404 1563 452 1621 77.
475 1560 523 1636 Os.
543 1561 703 1618 bruchium.
1567 1551 1568 1586 l

365 1652 526 1709 scafuse
552 1651 575 1706 si
596 1650 672 1705 idem
692 1649 782 1705 scelus
802 1649 829 1704 ei
848 1648 1007 1723 imputetur
1027 1648 1064 1721 (i.
1082 1668 1106 1705 e.
1127 1648 1150 1703 si
1171 1649 1316 1706 bominem
1337 1650 1395 1706 alio
1414 1652 1469 1707 ho·

405 1741 479 1796 mini
509 1739 545 1794 ad
565 1738 751 1795 occidendum
773 1739 949 1814 exposuerit)
970 1735 1012 1799 11,
1032 1735 1060 1795 5.
1081 1736 1109 1794 7.
1131 1737 1167 1798 93
1188 1739 1211 1793 si
1231 1738 1267 1793 de
1287 1738 1387 1794 eodem
1407 1759 1467 1796 sce·

403 1829 463 1885 lcrc
486 1828 574 1884 fucrit
593 1828 794 1884 incriminatus
814 1826 855 1890 ll.
876 1826 911 1888 9³
932 1825 955 1882 si
975 1825 1081 1880 dicitur
1101 1825 1158 1881 tale
1178 1828 1269 1881 scelus
1289 1837 1467 1902 perpetrasse

403 1916 444 1980 lt.
475 1915 509 1979 6;
541 1935 594 1991 pro
613 1917 681 1972 facti
701 1919 737 1990 (i.
757 1935 780 1973 e.
799 1915 882 1986 furti)
903 1914 1007 1971 scelere
1027 1924 1177 1989 componat
1199 1914 1251 1978 lX.
1276 1915 1319 1970 l4.
1343 1914 1391 1991 (Is.
1411 1920 1466 1974 cri·

404 2026 483 2071 men.
502 2007 625 2062 facinus.

365 2113 561 2153 sereonas
591 2095 615 2151 si
645 2094 710 2169 quis
740 2111 888 2149 screonanr
919 2091 1064 2168 effregerit
1095 2091 1183 2152 Add.
1216 2093 1241 2158 1.
1271 2094 1297 2153 3.
1331 2093 1380 2169 Os.
1404 2095 1465 2153 fur·

403 2193 477 2248 tum.
497 2185 546 2241 ris.

363 2282 486 2330 scutu
499 2291 546 2328 ms
575 2291 617 2335 os.
646 2281 678 2327 nt
698 2272 804 2328 iactum
827 2270 990 2328 insontum
1012 2270 1109 2327 audiri
1128 2272 1215 2346 possit
1234 2271 1330 2336 XXII,
1350 2273 1398 2329 7l.
1419 2271 1464 2330 74.

403 2360 491 2418 Adel.
512 2361 568 2426 111.
587 2360 636 2420 24.
658 2360 706 2435 Cf.
725 2378 766 2417 os.

364 2451 544 2508 seditio:
574 2452 597 2506 si
626 2449 762 2526 quislibet
782 2449 813 2504 in
833 2448 972 2505 seditione
990 2467 1024 2505 ac
1044 2451 1129 2505 turba
1148 2451 1248 2526 populi
1267 2451 1355 2507 fucrit
1375 2453 1463 2508 inter·

402 2540 493 2596 fectus
511 2539 592 2604 XIV,
616 2539 640 2596 l.
664 2538 710 2613 Cf.
731 2536 867 2594 occidere.

365 2628 575 2686 somissis:
605 2629 627 2685 i.
649 2647 671 2685 a.
692 2627 798 2683 solidus
819 2625 976 2682 dinridius=
996 2635 1040 2681 ter
1060 2627 1152 2682 solido
1173 2635 1200 2683 et
1220 2630 1334 2685 semisse
1353 2649 1463 2706 compo·

403 2727 490 2774 natur
510 2716 598 2774 Add.
618 2715 675 2782 111,
695 2715 742 2773 29.
764 2714 818 2777 423
839 2718 879 2788 cs.
900 2715 1036 2771 tremissis
1056 2723 1082 2770 et
1103 2717 1219 2774 solidus.

366 2826 435 2864 son
448 2805 605 2864 tentia:
634 2805 774 2862 sententia
794 2804 910 2880 capitali
931 2804 1070 2879 puniatur
1090 2806 1180 2862 Adel.
1201 2806 1227 2869 Ι,
1246 2805 1273 2862 3.

365 2913 584 2973 separares
612 2895 635 2951 si
667 2895 732 2970 quis
752 2893 866 2950 illicitas
887 2894 1003 2969 nuptias
1022 2895 1206 2958 contraxerit,
1226 2894 1408 2970 separabitur
1427 2897 1461 2952 ab
1566 2939 1567 2950 .

405 3002 492 3041 uxore
511 3003 563 3040 sua
584 2982 673 3040 Add.
693 2983 750 3046 ΙΙΙ,
769 2982 817 3040 77.
837 2980 884 3038 78.
907 2981 953 3056 Os.
973 2982 1101 3057 nuptiae.

364 3082 542 3148 septem:
570 3091 628 3129 non
666 3071 791 3147 amplius
827 3089 915 3144 quam
946 3079 1052 3146 septem
1083 3071 1214 3128 homines
1245 3072 1279 3128 de
1311 3072 1461 3128 homicidio

402 3159 608 3236 interpellandi
628 3169 695 3216 sunt
716 3158 794 3222 XlV.
818 3159 841 3217 l.
862 3158 891 3220 3.

366 3251 504 3325 sequit
532 3249 583 3323 qui
611 3248 698 3305 secuti
722 3255 788 3304 sunt
808 3267 873 3304 eum
896 3247 959 3322 (qui
981 3267 1069 3304 manu
1089 3249 1205 3305 collecta
1229 3249 1325 3305 sillam
1348 3250 1460 3306 alterius

402 3339 543 3396 hostiliter
562 3335 792 3408 circumdederit)
812 3335 908 3400 XVIl.
928 3336 955 3394 4.

364 3428 562 3485 servilis:
590 3426 642 3501 qui
660 3445 733 3501 opus
752 3424 853 3483 servile
872 3425 919 3481 dle
939 3425 1082 3482 dominico
1101 3426 1198 3482 fecerit
1218 3426 1331 3488 XVIII.
1354 3429 1378 3485 l.

364 3517 611 3574 servitium:
642 3515 666 3571 si
692 3514 766 3570 liber
796 3515 883 3571 bomo
901 3513 932 3569 iu
953 3513 1097 3570 servitium
1118 3514 1164 3569 liti
1183 3533 1212 3570 se
1231 3515 1394 3573 subdiderit
1413 3516 1461 3579 Xl.
1565 3525 1566 3530 ’

405 3604 431 3662 l.
454 3602 500 3678 Of.
521 3603 599 3660 litus.

363 3693 572 3751 servitum
605 3690 740 3764 adquirat
758 3709 825 3746 cum
845 3691 900 3747 sibi
920 3690 956 3746 ad
977 3691 1141 3748 servitutem
1170 3692 1239 3764 (liti)
1259 3691 1312 3757 XI,
1333 3695 1369 3758 23
1390 3695 1460 3750 iuret

403 3790 429 3840 ct
448 3781 582 3838 servitute
601 3779 670 3854 (liti)
690 3778 830 3834 liberetur
849 3778 900 3841 XI.
924 3779 947 3836 l.
971 3778 1017 3852 Cf.
1037 3780 1116 3836 litus.

340 3859 532 3948 ‚servum
562 3871 595 3941 a)
622 3869 652 3931 1.
683 3867 726 3925 ιι.
751 3867 870 3925 13-16.
893 3869 936 3925 ro.
957 3866 1003 3925 22.
1034 3867 1073 3930 rr.
1097 3868 1142 3925 rr.
1170 3869 1228 3934 111.
1249 3870 1290 3926 5-
1303 3871 1331 3928 7.
1361 3872 1414 3935 rr,
1436 3873 1459 3930 1.

401 3959 455 4023 IX.
478 3959 521 4016 l7.
542 3958 578 4020 X.
597 3960 690 4013 iasar.
712 3964 739 4012 ct
757 3976 780 4012 c.
805 3957 830 4013 l.
850 3955 878 4013 2.
909 3956 970 4016 XV.
991 3956 1017 4012 4.
1051 3956 1162 4014 XVIII.
1181 3957 1209 4014 2.
1237 3958 1301 4023 XX.
1322 3961 1351 4018 3.
1372 3963 1459 4021 Add.

402 4047 469 4111 VII.
501 4047 526 4104 l.
557 4045 641 4108 VIII.
663 4046 688 4103 l.
708 4044 736 4101 2.
766 4048 795 4112 h)
816 4045 847 4103 Si
868 4045 933 4119 quis
952 4063 1066 4102 servum
1086 4046 1203 4102 alterius
1221 4048 1367 4113 occiderit.
1385 4069 1460 4106 com·
1564 4107 1565 4138 .

401 4146 489 4214 ponat
507 4154 574 4193 eum
595 4143 647 4191 etc.
669 4133 694 4197 1,
719 4133 761 4190 11.
781 4133 837 4197 IV.
858 4134 887 4197 l;
908 4133 1073 4208 compositio
1092 4134 1166 4190 serri
1186 4134 1249 4198 XV.
1268 4135 1303 4199 43
1324 4137 1349 4192 si
1366 4157 1461 4195 sersus

402 4226 540 4290 nobilem.
567 4243 618 4280 seu
643 4221 780 4286 liberum.
807 4231 857 4279 aut
884 4222 968 4278 litum
997 4222 1131 4278 occiderit
1151 4222 1177 4286 l.
1199 4222 1316 4282 13-16.
1342 4225 1385 4283 19.
1406 4226 1459 4291 22;

402 4315 426 4372 si
446 4333 543 4372 sersus
562 4313 632 4370 furti
653 4331 719 4369 reus
738 4330 797 4368 essa
816 4312 928 4368 dicatur
948 4310 1003 4375 lll.
1023 4311 1459 4390 5-73s1servusremquam·

399 4403 470 4460 libet
498 4402 607 4458 furasse
638 4400 682 4459 rel
711 4419 815 4458 noxam
836 4407 1013 4476 perpetrasse
1032 4400 1145 4458 dicatur
1165 4399 1234 4465 XII,
1256 4401 1280 4458 l.
1302 4402 1338 4468 23
1360 4405 1384 4460 si
1403 4423 1458 4461 ser·
