3156 5464
297 501 376 564 v118
648 494 741 556 Aoo.
764 491 843 557 sir.
888 489 917 553 Τ
941 509 952 552 1
975 508 1006 554 r.
1028 487 1092 552 XI.

314 713 345 770 p.
366 689 432 749 408.
473 686 639 746 Ibid.1.o.
665 685 714 742 18:
735 687 929 742 consurreuit
949 685 1038 756 (anno
1059 680 1128 756 782)
1151 683 1332 752 Vidulum,
1350 689 1424 745 clera:

317 781 475 839 Sauouum
504 786 623 836 eatenus
653 777 822 851 peutilium.
852 777 905 849 qui
936 775 1042 830 evertit
1070 770 1210 829 Frisoues
1238 795 1259 830 a
1279 775 1331 833 iria
1353 777 1424 841 Bel,

319 872 533 942 combussitque
553 867 688 922 ecelesias
708 871 735 919 et
754 864 875 936 expulit
896 860 954 919 mi
965 863 1114 937 famulos,
1134 870 1162 917 et
1180 883 1273 937 usque
1291 865 1336 920 ad
1351 864 1425 924 Fleo

307 961 446 1036 fluuium
478 955 620 1012 Fresoues
650 953 682 1029 (i.
716 971 741 1009 e.
774 951 916 1008 Frisioues
944 952 1021 1007 inter
1051 949 1170 1007 Flevum
1201 962 1228 1008 et
1259 952 1423 1030 Laubaohi)

252 1048 255 1052 ’
316 1046 434 1105 Olriui
453 1044 554 1118 fldem
575 1045 657 1126 sealt
688 1043 860 1115 relinquere
880 1049 906 1096 el
928 1042 1145 1095 immolare
1173 1040 1308 1098 idolis
1328 1046 1424 1100 iuxta

313 1154 424 1192 morem
454 1133 571 1190 erroris
596 1132 740 1205 pristini,
763 1127 841 1186 Mon.
862 1128 895 1186 G.
917 1129 970 1186 SS.
991 1127 1030 1185 II.
1052 1148 1082 1204 p.
1104 1127 1170 1186 110.
1210 1127 1247 1186 Et
1266 1149 1344 1186 anno
1364 1130 1424 1188 785

314 1223 440 1281 Ilarolus
470 1220 521 1286 II..
549 1219 602 1297 qui
630 1219 775 1275 Frisiones
805 1236 904 1273 omnes
935 1217 1049 1292 eiceret.
1079 1226 1165 1291 elque
1193 1237 1293 1275 eorum
1313 1228 1423 1276 terram

314 1314 392 1370 inter
422 1309 570 1368 Lsubaohi
602 1316 629 1364 et
659 1307 804 1364 Wisaram
837 1325 925 1382 regno
957 1305 1133 1362 Francorum
1164 1307 1334 1372 subiecerat,
1354 1317 1424 1366 Ieslo

313 1399 438 1460 Iltfrido
478 1399 499 1457 l.
509 1400 530 1455 I.
561 1397 585 1455 1.
606 1416 630 1454 o.
655 1396 707 1453 19:
728 1397 885 1451 coustituit
909 1394 1093 1469 liutgerum
1113 1395 1262 1453 doctorem
1283 1400 1318 1454 iu
1338 1407 1424 1474 pente

314 1488 481 1545 llresonum
500 1489 538 1544 ab
558 1486 702 1542 orientali
714 1491 808 1558 parte
819 1486 969 1560 fluminis
987 1482 1101 1540 Labolri
1119 1503 1210 1557 super
1221 1505 1320 1561 payos
1333 1490 1425 1562 quiu-

319 1596 468 1652 que....;
499 1579 561 1648 ipse
590 1593 659 1629 oero
688 1592 764 1629 cura
784 1574 910 1636 sollerti,
930 1573 1087 1628 doctrinae
1108 1569 1233 1629 lloruiui
1252 1579 1344 1650 pregri
1362 1578 1425 1633 sibi

318 1666 437 1722 tradito
459 1667 583 1740 fluenta
614 1663 795 1718 ministrare
822 1661 962 1723 studuit,
984 1661 1094 1734 sano
1123 1660 1365 1728 destruere,
1394 1673 1424 1721 et

317 1772 413 1810 omms
433 1753 548 1809 erroris
560 1750 695 1825 pristini
715 1751 836 1807 abluere
853 1749 966 1804 sordes.
1009 1747 1140 1806 Craerauit
1160 1770 1272 1826 quoque
1291 1755 1425 1809 ulterius

316 1843 458 1898 derivare
482 1840 640 1896 doetrinae
662 1839 813 1915 flumina,
844 1847 871 1892 et
892 1839 1014 1892 oonsilio
1033 1840 1071 1892 ab
1092 1840 1273 1911 imperatore
1292 1850 1424 1916 accepto,

320 1930 537 2004 transfretavit
567 1929 600 1983 iu
629 1926 757 1999 corfinio
784 1923 947 1981 Fresouum
976 1934 1066 1999 atque
1084 1925 1244 1984 Bonorum
1264 1930 1308 1985 ad
1327 1950 1425 2006 quau-

316 2019 390 2076 dom
420 2019 553 2074 instalum
583 2034 657 2090 quae
688 2034 708 2069 a
738 2015 854 2069 nomine
874 2012 932 2069 Ita·
951 2016 1001 2069 sui
1010 2016 1097 2086 fulsi
1116 2013 1218 2072 Fosete
1238 2016 1425 2075 Foseteslaut

316 2114 358 2164 est
387 2106 550 2179 appellata.
600 2100 809 2159 Perveuieutes
837 2108 937 2158 autem
967 2103 1012 2157 acl
1040 2103 1161 2158 eandem
1191 2105 1337 2171 insulam,
1363 2109 1425 2164 ele·

316 2193 724 2252 struxeruutomuia
753 2189 934 2247 eiusdem
962 2189 1125 2246 laseris
1153 2193 1286 2264 fauo,
1322 2216 1426 2270 quae

317 2283 561 2357 illiosuere
589 2287 849 2342 constructo.
882 2287 910 2336 el
934 2299 996 2353 pro
1026 2282 1067 2335 eis
1101 2279 1221 2339 Obriett
1244 2285 1424 2354 fabricare-

317 2379 393 2429 ruut
423 2373 569 2434 ecelesias,
599 2367 676 2426 Mon.
707 2368 739 2426 G.
761 2368 813 2426 SS.
837 2367 874 2424 II.
895 2387 921 2443 p.
944 2367 1009 2425 1110.
1051 2367 1116 2425 Post
1136 2370 1190 2426 hoo
1208 2369 1317 2428 factam
1340 2375 1426 2432 nullo

318 2460 349 2517 in
378 2460 465 2524 libro,
494 2458 593 2514 eodem
629 2466 758 2533 Iempore
788 2457 903 2532 scripto.
923 2457 1029 2532 templa
1048 2477 1162 2534 pagana
1182 2459 1214 2515 in
1235 2459 1327 2517 Frisia
1347 2481 1426 2519 oom-

318 2556 528 2611 momorantur‚
548 2546 584 2602 ad
605 2545 727 2602 Frisium
747 2557 847 2608 autem.
863 2544 1030 2601 orientalem
1052 2548 1169 2603 lor-lasse
1181 2548 1331 2606 referenda
1345 2561 1427 2616 sunt,

220 2645 223 2652 '
318 2655 393 2715 qnae
423 2645 522 2692 narret
552 2631 679 2692 Ibimus
708 2635 740 2690 in
771 2635 845 2692 Gest.
876 2633 958 2691 llam.
979 2633 1019 2691 II.
1038 2653 1062 2691 o.
1085 2633 1121 2691 lb
1141 2637 1176 2692 de
1196 2637 1329 2696 Unwano
1348 2642 1427 2718 epis·

318 2745 388 2802 oopo
416 2724 561 2782 Bremensi
592 2723 624 2799 (†
648 2719 752 2799 1029)‘=
774 2743 871 2780 ornnes
891 2726 973 2780 ritus
988 2744 1126 2799 paganos
1143 2731 1296 2800 prueoepit
1307 2732 1426 2804 surrecti-

319 2823 369 2872 tus
397 2815 542 2873 amoveri.
572 2815 618 2870 itu
648 2821 684 2868 ut
710 2831 748 2868 eoa
768 2814 891 2874 lueis.
910 2831 981 2886 quos
1000 2816 1099 2870 nostri
1116 2816 1307 2886 paludicolae
1327 2823 1428 2878 stulta

319 2903 489 2960 reuerentia
500 2903 752 2976 frequentabant,
761 2904 883 2975 faceret
904 2903 1039 2957 ecelesias
1058 2906 1211 2967 renouari.
1229 2904 1309 2964 Mon.
1326 2908 1361 2968 G.
1373 2909 1426 2967 SS.

318 2991 385 3052 111.
405 3012 432 3067 p.
454 2987 528 3052 3223
549 2990 586 3046 of.
609 2989 704 3047 Vitam
724 2987 886 3044 Meinweroi
906 3007 931 3045 o.
955 2987 1000 3052 17,
1019 2988 1096 3046 Mon.
1118 2991 1150 3048 G.
1171 2992 1223 3050 SS.
1245 2992 1296 3053 XI.
1314 3015 1345 3071 p.
1361 2997 1425 3056 114.

361 3079 391 3113 ²⁰
435 3078 518 3137 ConI.
548 3096 623 3153 quae
651 3078 829 3134 constituunt
861 3077 936 3154 leges
956 3077 1063 3135 Frisios
1082 3083 1252 3138 recentiores
1271 3083 1306 3140 do
1326 3087 1427 3161 prodi·

320 3179 381 3227 lore
399 3168 568 3246 puniendo:
588 3187 622 3224 sa
642 3168 700 3224 acb
719 3186 770 3223 ma
791 3169 861 3224 bine
887 3170 977 3224 uortlz
999 3171 1073 3225 iuno
1103 3172 1164 3226 met
1183 3173 1241 3245 bes
1254 3173 1327 3246 (var.
1350 3179 1425 3232 iuna

319 3262 381 3317 tlret
401 3257 570 3333 nortl-bes)
592 3266 619 3313 to
642 3257 767 3330 serane.
794 3257 860 3311 arul
887 3258 991 3312 tlteron
1023 3266 1052 3313 to
1080 3277 1218 3324 sarisam,
1248 3261 1338 3320 Fries.
1369 3263 1426 3339 Rq.

319 3368 350 3425 p.
380 3348 429 3413 30.
460 3345 508 3410 32.
527 3355 574 3402 et:
594 3365 626 3402 so
645 3347 778 3402 eulmen
798 3365 843 3402 em
865 3353 1012 3402 nortwert
1031 3365 1149 3422 werpeu
1168 3351 1202 3405 iu
1222 3351 1259 3406 cle
1277 3371 1333 3416 see.
1353 3355 1427 3410 ende

320 3455 369 3494 eeu
388 3436 465 3493 door
485 3434 682 3497 oorclroulceu,
702 3433 774 3490 ibid.

361 3523 392 3559 ⁷¹
435 3523 617 3580 Findrmtur
645 3542 736 3578 aures
765 3525 830 3580 eius
858 3532 886 3580 et
917 3532 1084 3592 castratur.
1134 3524 1227 3583 Poena
1245 3532 1427 3588 castrationis

319 3611 443 3668 ooourril
470 3611 576 3687 legenti
596 3610 688 3686 legem
709 3610 768 3668 Sal.
789 3610 834 3668 ed.
855 3610 974 3667 Merkel.
995 3611 1062 3669 XII.
1082 3611 1144 3677 XL,
1163 3617 1190 3672 2.
1212 3613 1280 3680 6,1.
1302 3617 1425 3696 Ripuar.

319 3699 430 3767 LVIII,
462 3701 497 3757 17
527 3709 556 3758 et
604 3700 624 3758 l.
653 3700 754 3776 Wisig.
785 3699 840 3764 111,
860 3699 888 3758 5.
909 3700 922 3776 ξ
943 3699 971 3758 7,
992 3701 1102 3758 Grimm
1135 3703 1191 3760 RI.
1211 3723 1242 3780 p.
1261 3704 1319 3763 708
1339 3708 1426 3766 affert

323 3791 410 3847 verba
440 3789 569 3867 Gregorii
601 3790 708 3847 Turon.
730 3789 766 3852 1,
787 3787 843 3846 482
863 3792 952 3846 auris
971 3792 1063 3846 eonius
1082 3793 1224 3850 incisione
1243 3798 1426 3862 muletatur,

320 3887 348 3935 ot
378 3879 454 3936 Iooos
485 3879 648 3957 complures
679 3878 776 3954 legum
796 3878 949 3955 Anglosax.
968 3887 995 3936 et
1017 3879 1207 3956 Sueogothio„
1225 3883 1277 3958 qui
1297 3885 1427 3944 eiusdem

325 3985 431 4043 poenae
451 3968 626 4025 mentionem
646 3967 765 4024 faciunt.

362 4057 392 4092 ⁷²
436 4056 477 4113 llo
498 4057 597 4114 hosliis
617 4056 753 4113 humanis
773 4056 982 4114 Germanorum
1002 4057 1066 4115 vido
1086 4058 1196 4116 Grimm
1207 4059 1330 4137 Mythol.
1339 4082 1368 4139 p.
1387 4062 1427 4121 38

319 4165 374 4220 sq..
400 4145 435 4203 do
463 4147 497 4204 iis
517 4145 679 4203 Frisiorum
699 4146 773 4202 Iooos
792 4145 966 4222 scriptorum
987 4148 1165 4223 aequalium.
1183 4150 1234 4224 qu'i
1254 4151 1286 4207 in
1306 4160 1365 4208 nol.
1387 4152 1426 4210 69

318 4233 431 4290 laudati
459 4244 537 4294 sunt.
587 4234 623 4292 In
655 4233 721 4294 Vita
742 4225 900 4292 Wulframi
921 4235 954 4310 (†
974 4235 1055 4312 695),
1074 4239 1187 4294 saeonlo
1207 4238 1287 4296 VIII.
1308 4241 1352 4297 rel
1372 4240 1426 4304 IX.

320 4322 426 4398 scripta
458 4324 501 4398 (iu
531 4325 606 4382 Actis
637 4324 743 4382 Bened.
775 4345 799 4382 s.
828 4323 880 4381 III.
912 4323 934 4381 1.
963 4346 993 4401 p.
1023 4325 1104 4400 360).
1121 4337 1220 4384 auctor
1239 4328 1369 4404 loquitur
1388 4331 1426 4389 de
