3144 5460
516 585 585 632 nm(
607 582 811 632 FRISIONUM.
1135 585 1221 633 xmx

11 785 12 822 ³
106 796 159 858 ins
185 792 264 878 legis
289 791 551 877 Tlruringorum,
576 791 631 854 sed
657 791 736 878 legis
762 789 954 854 Frisionum.
1003 789 1076 855 Hoc
1093 793 1216 877 primus

106 901 194 964 inter
229 921 338 962 omnes
375 895 455 961 vidit
491 898 541 962 vir
573 897 781 961 amicissimus
817 895 928 960 Wilda
953 893 1134 962 Strafreoht
1158 898 1217 961 der

108 1005 307 1071 Germanen.
351 1006 450 1068 1842.
490 1027 520 1088 p.
565 1003 639 1067 105.
681 1001 757 1067 358.
800 1003 885 1079 746,
925 1025 1030 1087 neque
1070 1014 1118 1067 est
1158 1005 1215 1088 qui

109 1113 139 1175 ei
177 1111 406 1176 contradixerit
424 1114 466 1173 ⁶⁰.
528 1105 831 1194 Circumspiciamns
868 1131 934 1171 rem
972 1109 1004 1172 in
1044 1119 1216 1194 utrumque

108 1229 252 1304 partem:

163 1327 198 1410 1)
247 1322 303 1385 Ius
335 1321 423 1407 quod
448 1323 529 1387 iuest
553 1323 585 1386 in
610 1322 735 1386 iudiciis
761 1320 943 1385 Wulemari
968 1323 1118 1407 congruit
1142 1342 1215 1386 eum

301 1429 371 1492 iure
395 1427 474 1515 legis
497 1427 698 1494 Frisionnm:

232 1531 384 1619 Capitula
413 1537 427 1596 l
455 1556 494 1596 en
521 1535 540 1596 2
565 1532 640 1597 Iud.
666 1533 848 1598 Wulemari
874 1531 982 1596 addita
1007 1545 1081 1597 sunt
1106 1531 1146 1595 ad
1171 1533 1218 1598 tit.

278 1638 408 1717 XXII,
435 1639 478 1704 54
504 1651 535 1703 et
561 1639 603 1702 55
630 1639 712 1728 legis
736 1639 819 1704 Fris.

232 1745 417 1830 Capitulum
457 1747 477 1808 3
515 1745 587 1809 Iud.
625 1744 807 1811 Wulemari
844 1743 986 1808 additum
1022 1756 1070 1809 est
1102 1745 1142 1810 ad
1172 1748 1219 1811 tit.

279 1851 412 1930 XXII,
437 1853 480 1916 53
506 1863 538 1916 et
565 1852 606 1934 56
634 1851 712 1938 legis
737 1851 818 1914 Fris

234 1957 384 2044 Capitula
426 1958 516 2020 4-6
558 1956 632 2020 Iul.
671 1956 814 2021 Wulem.
851 1955 960 2020 addita
996 1969 1071 2021 sunt
1107 1957 1147 2021 ad
1171 1961 1220 2022 tit.

280 2062 409 2141 XXII,
435 2064 478 2126 84
505 2073 537 2126 et
563 2063 605 2127 86
632 2062 713 2150 legis
737 2061 820 2126 Fris.

234 2169 420 2254 Capitulum
448 2171 465 2232 7
492 2168 566 2233 Iud.
592 2168 735 2233 Wulem.
761 2192 823 2232 non
848 2169 968 2255 legitur
992 2169 1024 2233 in
1049 2170 1122 2256 lege
1146 2167 1221 2234 Fri-

282 2277 405 2339 sionum
439 2276 675 2360 antiquissima,
707 2274 792 2340 idem
821 2298 897 2340 vero
921 2275 1030 2340 iisdem
1055 2274 1123 2340 fere
1148 2299 1222 2340 ver-

281 2382 329 2446 bis
355 2381 417 2468 legi
442 2381 625 2446 FrIsionum
650 2405 690 2446 ex
714 2382 784 2446 iure
808 2381 933 2446 Frisiae
956 2379 1079 2446 mediae
1107 2381 1222 2446 adiecit

282 2488 492 2553 Wulemarus
516 2490 547 2553 in
574 2487 752 2554 Additione
777 2488 837 2576 leg.
862 2487 945 2553 Fris
970 2487 1042 2565 III,
1071 2490 1121 2554 18.
1170 2489 1225 2554 Ita

283 2608 390 2659 autem
427 2593 533 2660 differt
566 2594 699 2660 Additio
732 2595 813 2682 legis
841 2592 1024 2659 Frisionum
1049 2617 1067 2658 a
1091 2592 1224 2660 Iudiciis

285 2700 486 2779 Wulemari,
520 2712 555 2764 ut
586 2702 618 2764 in
651 2700 704 2764 illa
737 2700 858 2763 mulcta
887 2701 926 2763 sit
961 2711 1049 2775 „ter
1073 2701 1225 2785 sumpta”,

285 2807 317 2868 in
342 2805 392 2869 his
416 2816 522 2870 autem
549 2806 692 2890 simplex.

241 2908 428 2996 Capitulum
462 2910 481 2972 8
514 2908 587 2975 Iud.
619 2907 801 2974 Wulemari
825 2907 1054 2974 conferendum
1078 2923 1126 2974 est
1150 2931 1223 2976 eum

286 3015 348 3102 leg.
372 3015 455 3080 Fris.
479 3014 567 3080 Add.
592 3014 666 3092 III,
692 3015 746 3080 35.

239 3121 392 3209 capitula
423 3123 442 3186 9
476 3132 508 3186 et
542 3123 584 3186 10
617 3121 816 3187 Iudiciorum
846 3120 1027 3187 Wulemari
1051 3121 1167 3187 desunt
1191 3124 1224 3187 in

287 3229 359 3317 lege
382 3225 565 3294 Frisionnm
590 3238 623 3293 et
646 3227 679 3291 in
703 3227 775 3316 lege
798 3226 1049 3313 ThurIngorum.

171 3341 208 3423 2)
256 3336 314 3400 Ius
350 3334 438 3420 quod
473 3335 557 3399 inest
591 3335 624 3399 in
656 3332 782 3399 iudioiis
811 3331 992 3399 Wulemeri
1017 3333 1123 3398 etius
1147 3335 1228 3422 legis

310 3441 553 3530 Thuringorum
577 3442 662 3505 inter
685 3464 719 3505 se
743 3437 905 3503 conciliari
929 3461 992 3503 non
1017 3451 1166 3526 possunt:

241 3548 299 3612 Ius
332 3546 544 3633 capitulorum
578 3543 892 3611 4-61udiciorum
917 3543 1097 3612 Wulemari
1123 3545 1230 3613 differt

289 3653 329 3718 ab
363 3677 400 3717 eo
433 3652 513 3740 legis
546 3651 786 3740 Thuringorum
814 3653 864 3730 V,
891 3655 910 3716 2
936 3652 1004 3738 (vel
1029 3651 1078 3718 ed.
1103 3652 1228 3719 Merkel

186 3761 195 3774 ‘
288 3759 314 3823 Ι.
340 3783 365 3823 c.
393 3760 461 3847 ll).

243 3866 303 3930 Ius
335 3866 467 3952 capituli
500 3871 518 3929 7
553 3866 752 3932 Iudiciorum
783 3865 964 3929 Wulemari
995 3862 1104 3928 differt
1127 3865 1167 3927 ab
1192 3888 1230 3928 eo

290 3973 370 4060 legis
401 3971 644 4059 Thuringorum
676 3971 727 4048 V,
763 3971 805 4034 10
838 3971 906 4056 (vel
935 3969 983 4034 ed.
1009 3968 1135 4034 Merkel
1161 3970 1179 4035 I
1204 3995 1230 4035 o.

292 4079 362 4164 23).
400 4074 492 4142 (lonl.
518 4074 638 4163 Gaupp
663 4074 736 4140 Lex
760 4074 862 4140 Thur.
887 4100 916 4162 p.
943 4075 1019 4139 335.

174 4184 377 4266 Quaeramus
418 4184 578 4270 quomodo
619 4181 858 4268 interpretanda
899 4183 939 4246 sit
974 4182 1139 4246 consensio
1176 4183 1231 4248 illa

129 4347 280 4365 ’,μμ-Ι·

163 4447 196 4490 60
232 4441 335 4490 Confer.
353 4440 454 4488 Merkel
472 4439 528 4490 Lex
547 4437 627 4488 Thur.
645 4455 670 4502 p.
689 4444 718 4499 5;
755 4437 853 4487 Stobbe
871 4439 949 4487 Ileut.
968 4437 1092 4500 Rechrsq.
1105 4435 1126 4484 I.
1139 4452 1163 4500 p.
1180 4439 1233 4485 1⁷⁶.
