3158 5464
329 569 369 632 40
716 556 744 624 ‘i
768 581 778 625 1
800 576 832 627 a.
854 555 879 624 Ι.
921 561 935 643 4
962 557 1049 622 1-5.

337 761 509 838 inscriptus:
549 757 614 816 Iloo
642 768 737 818 totum
767 763 800 816 tn
821 758 916 830 triplo
936 763 1148 830 componatur,
1167 763 1195 812 et
1214 753 1289 812 ibid.
1309 749 1363 809 lii.
1383 746 1442 808 582

339 855 420 910 iuter
447 849 537 906 uteru
560 858 588 906 et
608 849 779 926 Siucfutom
800 848 908 906 nobilis
927 847 1012 902 nomo
1031 853 1148 902 centum
1167 852 1196 902 et
1215 863 1268 901 socc
1287 839 1395 900 solidis
1414 847 1442 896 et

338 943 452 999 urceum
472 941 619 996 tremissis
638 941 749 1014 simpla
769 938 975 1011 compositione
993 937 1132 992 solvitur.
1435 993 1439 1000 ,

381 1030 392 1066 ⁸
436 1028 551 1086 lierold.
578 1029 800 1104 paragraphus
821 1025 848 1089 l.
869 1026 1092 1100 paragraphus
1112 1025 1130 1081 2
1149 1033 1212 1088 etc.;
1232 1024 1265 1081 in
1284 1030 1364 1078 textu
1383 1019 1443 1076 ori-

339 1119 431 1199 ginali
451 1116 522 1195 legis
542 1117 603 1174 sina
623 1118 720 1175 dubios
745 1119 774 1182 1.
795 1115 898 1178 2010..
919 1114 962 1171 sel
982 1115 1152 1187 capitutum
1174 1113 1201 1178 l.
1221 1113 1393 1188 capitutum
1413 1109 1442 1175 2,

339 1219 392 1266 etc.
420 1208 557 1283 scriptum
579 1216 658 1270 erate
688 1208 847 1264 nonenim
880 1203 955 1260 tituli
975 1203 1058 1260 divisi
1079 1212 1162 1260 erant
1181 1203 1213 1259 iu
1233 1203 1443 1279 paragraphus,

338 1297 439 1356 sedin
459 1297 597 1374 capitula,
627 1297 689 1354 side
718 1297 761 1353 tit.
791 1293 842 1360 XI,
871 1295 907 1352 ³2
928 1296 982 1351 troo
1001 1302 1029 1350 et
1048 1296 1201 1369 superiori
1221 1295 1356 1366 capituto
1375 1311 1443 1348 cou-

340 1393 482 1447 stitutum
504 1396 556 1452 est,
576 1389 597 1444 i.
616 1407 641 1445 e.
662 1391 704 1444 tit.
725 1383 777 1452 xl,
801 1387 824 1443 l.

385 1477 395 1512 ¹
439 1477 554 1534 Nobiles
573 1477 644 1553 legis
663 1473 827 1534 Frisionum
847 1481 915 1532 sunt
934 1492 1005 1550 quos
1025 1473 1184 1550 diplomate
1202 1471 1311 1530 Frisios
1330 1489 1365 1527 ac
1374 1470 1445 1526 libri

341 1565 414 1624 iuris
439 1566 522 1623 tertio
551 1566 661 1622 decimo
689 1584 724 1622 ac
750 1573 854 1640 quarto
882 1564 993 1620 decimo
1012 1563 1110 1639 scripti
1130 1564 1282 1638 ethetiugo
1303 1560 1345 1618 sel
1367 1559 1446 1615 estete

340 1675 406 1713 meu
436 1663 546 1717 vocant.
577 1656 638 1712 side
675 1655 845 1714 Richthoien
873 1651 963 1711 Fries.
991 1651 1137 1716 Wtirterb.
1168 1673 1197 1729 p.
1227 1651 1295 1710 720.
1335 1649 1448 1708 Nobili-

342 1743 397 1802 bus
421 1743 585 1802 Frisionum
604 1754 801 1822 exaequantur
821 1744 932 1802 nobiles
952 1743 1099 1801 Saxonum
1120 1753 1148 1800 et
1168 1743 1396 1818 Thuriugomm,
1415 1739 1446 1794 iu

341 1834 453 1912 legibus
474 1853 573 1891 eorum
594 1835 816 1892 commemorati.

383 1923 395 1958 ⁵
439 1923 572 1980 Heredes
592 1926 693 1989 occisi,
717 1923 778 1982 vide
798 1924 819 1984 1.
839 1919 912 1981 Fris.
935 1917 1012 1986 XIX¹
1030 1920 1059 1979 2.

385 2011 396 2050 ⁶
440 2009 533 2070 Tertia
562 2033 630 2089 pars
657 2013 881 2089 compositionis,
908 2011 945 2068 ad
977 2011 1154 2089 propinquos
1183 2009 1266 2067 occisi
1286 2007 1450 2085 pertinens,

343 2113 384 2161 est
413 2104 533 2159 meutete
561 2103 605 2158 sel
634 2105 758 2165 meitete,
786 2103 806 2159 i.
834 2122 859 2158 e.
888 2104 1040 2178 mapsam,
1059 2101 1131 2157 iuris
1150 2098 1250 2157 Frisici
1272 2096 1449 2160 recentioris,

344 2193 382 2252 ci.
402 2187 492 2250 Fries.
511 2189 656 2248 Wo'rterb.
676 2211 706 2268 p.
728 2189 793 2249 921.

386 2282 396 2316 ⁷
440 2279 535 2339 Verba
556 2283 638 2338 inter·
724 2282 883 2346 similiter,
897 2299 986 2355 aequo
1005 2298 1040 2336 ac
1060 2281 1148 2336 verba
1168 2277 1205 2334 ad
1225 2277 1315 2336 finem
1335 2295 1399 2352 cap.
1421 2277 1450 2332 4.

345 2371 373 2432 5.
392 2371 420 2430 8.
445 2370 488 2428 10.
514 2369 547 2426 42
567 2379 595 2426 et
615 2369 652 2426 22
672 2370 774 2445 posita,
793 2389 870 2446 quae
889 2369 994 2426 litteris
1014 2368 1135 2426 cursivis
1155 2368 1285 2444 imprimi
1304 2367 1370 2429 feci,
1383 2385 1452 2422 cen-

346 2481 422 2519 seam
454 2480 530 2516 anno
558 2459 615 2517 802
649 2459 703 2536 legi
738 2459 901 2516 Frisionum
922 2458 1139 2534 antiquissimae
1169 2457 1267 2514 addita
1296 2477 1367 2522 esse,
1386 2454 1452 2511 side

344 2549 551 2627 praefationem
572 2568 638 2625 pag.
660 2547 747 2607 XXX.

389 2641 400 2678 ⁸
442 2638 556 2694 Herold.
580 2637 672 2714 Gisfli
702 2637 744 2694 tit.
766 2636 791 2702 1,
812 2636 839 2694 3.
869 2636 898 2694 4.
930 2636 957 2695 5.
977 2635 1006 2694 8.
1027 2645 1095 2694 etc:
1127 2639 1172 2694 cis
1199 2635 1261 2700 ute,
1293 2636 1313 2694 i.
1333 2655 1359 2695 e.
1379 2635 1455 2691 citra

347 2725 466 2786 Flevum
496 2727 540 2784 vel
559 2728 588 2784 in
611 2727 702 2784 Frisia
722 2727 902 2791 occidentali,
923 2745 981 2803 qua
1001 2726 1032 2783 in
1054 2735 1130 2784 terra
1151 2735 1243 2783 textus
1263 2733 1358 2782 noster
1379 2725 1456 2800 legis

347 2819 469 2895 scriptus
487 2826 538 2874 est.
562 2873 569 2892 ¹

385 2909 396 2943 ‘³
439 2907 506 2965 Her.
525 2895 655 2980 excepto.

392 2995 423 3054 ¹⁰,
463 2995 560 3052 Verba
581 2999 662 3052 iuter
683 2995 845 3054 Wisurum
859 3039 866 3054 .
880 3039 905 3056 ..
924 2997 1003 3052 iuret
1023 2993 1056 3052 in
1076 2996 1199 3053 editione
1220 2993 1394 3052 lieroldiana
1412 2995 1454 3050 ad

349 3085 438 3141 finem
467 3085 586 3160 capituli
614 3084 713 3160 quarti
741 3086 895 3162 leguntum
924 3087 1024 3143 eadem
1051 3087 1085 3143 in
1104 3087 1195 3143 finem
1216 3086 1335 3162 capituli
1355 3085 1456 3161 quinti

348 3193 407 3230 esso
428 3174 654 3250 transponenda,
674 3174 746 3231 vidit
766 3175 869 3252 Gaupp
888 3175 1035 3232 Miscellen
1054 3196 1083 3252 p.
1104 3175 1133 3232 2.

393 3263 422 3298 ¹¹
465 3264 568 3340 Geupp
598 3262 743 3320 Miscelleu
773 3283 803 3340 p.
834 3262 852 3320 3
881 3263 1030 3321 emendat:
1060 3285 1127 3322 cerm
1156 3264 1193 3320 47
1224 3266 1315 3320 iuret.
1365 3261 1457 3322 Nullo

349 3355 434 3412 motio
463 3354 494 3410 iu
522 3354 645 3411 dubium
672 3353 774 3411 referri
793 3362 895 3431 potest.
913 3355 974 3410 loco
993 3353 1064 3430 legis
1083 3355 1280 3412 iuramentum
1300 3353 1346 3409 liti
1367 3361 1395 3408 et
1415 3351 1456 3408 47

350 3443 491 3500 sociorum
522 3444 672 3517 postulari,
704 3463 797 3520 neque
828 3453 924 3500 tamen
954 3452 1063 3501 textum
1102 3443 1308 3500 Heroldianum
1340 3451 1458 3499 mutare

350 3532 447 3596 velim,
474 3550 565 3605 quum
597 3533 682 3588 verbo
711 3552 778 3588 cum
807 3531 844 3590 48
866 3537 947 3590 iuret
967 3534 1061 3589 dicere
1080 3535 1208 3610 possints
1237 3536 1311 3590 litus
1332 3543 1360 3589 et
1379 3552 1458 3606 uera·

349 3623 500 3696 draginta
520 3628 627 3695 septem
649 3623 701 3677 titi
721 3623 835 3686 iterent,
854 3623 874 3680 i.
894 3643 920 3681 e.
942 3623 1066 3682 dictione
1087 3623 1257 3680 Germanica
1277 3626 1460 3681 titus-iuret

345 3712 405 3768 sibi
442 3710 694 3786 quadragesimus
723 3720 854 3777 octavus,
884 3722 915 3769 ut
943 3713 986 3772 tit.
1008 3712 1034 3776 Ι,
1056 3713 1234 3772 iudicitur.
1263 3715 1323 3770 sibi
1342 3713 1458 3770 derode-

347 3803 443 3858 cimus
463 3803 557 3863 iuret,
575 3808 602 3856 et
624 3799 667 3856 tit.
686 3799 765 3866 xlv.
789 3800 821 3860 le
842 3821 899 3858 sero
919 3803 1098 3860 derodecimo
1117 3823 1260 3868 manusc
1273 3804 1436 3878 pactificet.

389 3891 418 3924 ¹²
462 3889 506 3947 Gi.
527 3889 599 3947 ndu.
619 3891 675 3966 leg.
697 3889 757 3955 111,
776 3889 832 3949 582
853 3893 941 3966 apuu
969 3894 1169 3951 occidentales
1189 3891 1344 3950 Fresionee
1373 3897 1459 3950 inter

347 3975 436 4036 uuus
456 3987 483 4036 ct
496 3978 667 4054 Siuefulum
748 3983 857 4040 nobilis
876 3984 961 4039 homo
981 3991 1097 4040 centum
1116 3991 1144 4038 et
1165 3981 1183 4038 6
1202 3983 1309 4039 solidis
1329 3990 1360 4040 et
1380 3983 1460 4038 duo-

346 4068 401 4126 bus
420 4072 570 4126 tremissis
589 4071 701 4142 simplo
720 4074 929 4144 compositione
950 4075 1095 4140 soluitum·
1114 4075 1262 4131 similiter
1280 4077 1363 4131 iuter
1385 4073 1434 4130 W
1429 4075 1460 4129 i·

345 4177 450 4216 soram
470 4168 498 4216 et
518 4159 688 4218 Laaeroaeot.
728 4159 770 4218 lie
789 4161 1045 4238 compositionibus
1065 4163 1240 4228 Frisionum
1258 4163 1322 4222 vide
1339 4164 1459 4239 praefa-

342 4241 450 4302 tionem
470 4267 500 4322 p.
520 4247 651 4306 XXXIX.
690 4249 862 4324 Compositio
891 4251 1016 4310 hominis
1036 4253 1122 4309 liberi
1141 4253 1247 4329 simpla
1267 4253 1297 4308 iu
1319 4250 1457 4309 omnibus

341 4331 450 4392 Frisiae
480 4339 613 4412 partibus
646 4342 792 4398 constabat
822 4359 857 4398 ex
877 4339 915 4398 50
934 4342 1032 4400 solidis
1052 4345 1108 4412 (ετ.
1130 4341 1184 4400 450
1211 4343 1277 4400 deu.
1298 4342 1386 4417 Fris.)
1410 4343 1456 4399 vel

336 4441 372 4483 ox
395 4421 434 4484 50
453 4423 538 4484 solid.
562 4426 590 4490 4·
611 4426 647 4505 34
667 4427 750 4485 solid,
772 4425 905 4503 (ιι-’460
924 4430 1027 4490 denar.
1050 4431 1174 4505 Frisium
1194 4451 1229 4499 ex
1248 4430 1456 4508 compositione
