3156 5464
341 549 402 612 120
706 549 784 615 luo.
810 548 900 614 Wun
952 553 967 634 ᾗ
991 551 1082 614 1-4.

335 757 431 808 mento
459 741 555 810 claudi
587 768 645 806 non
676 750 798 822 potest'',
827 745 901 802 oonl.
923 755 1020 801 nolam
1040 743 1087 803 90.
1108 765 1134 821 p.
1158 745 1214 811 793
1245 758 1274 805 el
1303 748 1365 826 ipse
1385 750 1438 807 lex

334 840 406 900 Fris.
436 845 640 900 commemorat
671 835 789 893 vulnera
819 835 849 890 in
882 844 959 910 lergo
977 844 1005 890 et
1028 843 1141 910 peolore
1160 855 1235 911 quae
1254 857 1314 895 non
1333 858 1438 896 oonsu-

333 939 443 987 naulnr
461 932 568 987 maiore
587 945 678 1003 poeua
700 924 865 981 mulctanda
883 943 953 988 esse,
974 923 1036 980 ride
1055 943 1118 1000 oap.
1140 924 1177 982 45
1197 927 1273 984 rituli
1285 927 1436 985 lllAdd.=

334 1021 362 1074 ei
381 1021 567 1093 quinalium
586 1019 619 1073 iu
639 1023 760 1088 tergum
778 1023 834 1069 aaut
848 1022 954 1087 pectere
973 1015 1019 1069 itu
1038 1015 1256 1080 vulneraverit,
1275 1025 1311 1073 ut
1326 1021 1437 1074 onlnem

334 1112 443 1165 εαηανί
462 1093 525 1164 ,mm
550 1108 659 1182 possit,
688 1103 742 1160 aed
754 1121 815 1176 per
824 1102 955 1175 fistulae
973 1104 1071 1158 earlier
1090 1104 1247 1166 decrerunt.
1267 1113 1315 1161 ter
1336 1105 1371 1162 12
1388 1126 1437 1162 eo·

333 1197 413 1254 lidos
443 1204 606 1272 comportat.
653 1192 734 1249 (lonl.
765 1191 821 1267 leg,
852 1191 912 1248 Sal.
936 1190 1000 1256 XX,
1020 1191 1038 1248 6
1058 1192 1115 1265 (rel
1135 1211 1200 1250 nor.
1221 1191 1259 1251 ¹28
1278 1203 1306 1250 et
1330 1193 1383 1252 190
1401 1196 1437 1251 iu

333 1287 379 1344 ed.
406 1285 558 1362 Merkell:
587 1286 614 1340 ei
644 1273 753 1340 orrlnua
772 1287 882 1336 currat
901 1288 928 1335 et
948 1299 1005 1336 non
1024 1291 1125 1345 ennae,
1143 1289 1171 1338 ot
1190 1281 1376 1358 Gollaudelag
1399 1282 1438 1340 19

333 1375 347 1450 §
368 1375 401 1432 6:
423 1379 470 1432 ier
488 1376 556 1448 ypit
575 1392 606 1429 so
625 1380 653 1428 et
670 1373 704 1426 ai
723 1387 799 1426 canu
820 1370 926 1426 lau-ilua
946 1369 988 1443 (ln
1009 1378 1088 1426 textu
1108 1371 1194 1428 theol.
1214 1373 1303 1428 olibet
1315 1374 1437 1448 ierrffen

333 1464 413 1522 rende
432 1466 517 1521 uiolet
537 1463 596 1519 leun
617 1480 654 1543 agr
671 1459 798 1535 geheilet
818 1457 961 1532 werden),
980 1458 1112 1534 Selrlyler
1132 1458 1197 1516 VII,
1218 1480 1249 1535 p.
1270 1459 1316 1517 37.
1340 1460 1403 1518 128.

377 1553 408 1589 ²⁹
450 1552 515 1610 Iler.
535 1560 656 1608 eternae.

376 1641 406 1676 ⁸⁰
449 1639 554 1697 llerold
575 1639 676 1714 quod;
695 1636 853 1693 Lindenbr.
875 1635 988 1692 emend.
1008 1644 1089 1710 quot.

376 1730 405 1764 ⁸¹
449 1729 615 1806 Capitulum
647 1727 665 1785 3
694 1727 825 1784 additum
856 1725 920 1781 dieo
949 1725 985 1781 ad
1016 1726 1142 1802 capitula
1173 1726 1210 1783 53
1241 1737 1268 1783 el
1298 1727 1338 1785 56
1359 1729 1437 1786 rituli

334 1819 417 1878 XXII
446 1819 517 1895 legis
546 1817 629 1881 l'ris.¹
660 1835 735 1892 quae
763 1815 800 1871 ad
832 1813 953 1871 Frisium
973 1813 1050 1871 inter
1071 1814 1114 1870 mi
1134 1825 1160 1872 el
1181 1815 1330 1874 Laubaolnl
1351 1818 1437 1875 silam

332 1908 489 1985 perfinenl⁸
518 1906 593 1963 eonf.
624 1914 721 1962 nolam
751 1903 790 1961 89
820 1922 849 1979 p.
879 1903 926 1960 79.
967 1902 1002 1959 In
1025 1903 1186 1961 Wnlemari
1216 1905 1341 1982 capitulo
1373 1907 1438 1964 lau·

333 1997 399 2054 dato
431 2003 563 2053 sanetum
583 2004 635 2059 est,
657 2003 687 2051 ut
707 1992 813 2049 mulcta
834 1991 1065 2049 »intestinorum
1085 1993 1316 2068 perforatorum'
1338 1996 1437 2072 dupli-

332 2094 424 2149 oetnr,
443 2085 494 2141 nsi
514 2085 647 2160 (vulnera
666 2083 754 2157 faula)
774 2081 871 2138 elaudi
891 2100 950 2138 uon
970 2083 1146 2156 potuerint’'‚
1165 2084 1293 2140 utnulla
1310 2085 1438 2143 mulctae

332 2193 445 2231 summa
466 2175 612 2230 nominata
632 2181 685 2236 est,
703 2191 777 2246 quae
796 2171 931 2226 solreudn
951 2171 1004 2231 siu
1026 2170 1056 2226 iu
1077 2171 1159 2227 tilulo
1178 2172 1262 2228 oilalo
1283 2173 1354 2249 legis
1372 2174 1438 2231 Fri-

332 2265 406 2320 aioae
435 2272 531 2320 autem
562 2264 631 2319 haee
660 2261 723 2338 ipsa
753 2259 874 2315 mulelae
894 2273 1008 2316 summa
1027 2270 1278 2326 commemoratur,
1298 2283 1387 2338 quam
1408 2273 1438 2320 et

332 2371 448 2409 omnem
468 2352 668 2408 intestinorum
691 2349 916 2407 vulnerationem
939 2347 1340 2424 lex'Tlmrlugorumsileullo
1352 2371 1439 2426 prae-

333 2442 411 2504 terit,
436 2460 511 2516 quae
531 2439 650 2513 quidem
671 2439 848 2495 confirmant
867 2436 974 2493 iudiola
995 2437 1156 2495 Wulemari
1176 2439 1213 2495 ad
1234 2440 1326 2518 legem
1348 2441 1439 2498 Frisi-

332 2549 422 2587 onum
441 2539 469 2586 et
489 2548 547 2584 nou
567 2529 604 2584 ad
623 2529 714 2604 legem
737 2526 951 2601 Thuringorum
972 2526 1122 2584 referenda
1141 2547 1211 2586 esse.

375 2617 405 2652 ⁸²
453 2617 492 2674 lle
512 2619 599 2674 verbo
619 2619 741 2674 botellus
761 2616 799 2672 el.
819 2624 879 2672 nol.
899 2613 949 2675 89.
968 2635 997 2691 p.
1018 2615 1066 2673 79.

375 2709 406 2744 ⁸⁸
448 2707 513 2765 Iler.
525 2694 641 2780 faciut.

375 2797 406 2832 ⁸⁴
450 2797 516 2853 ller.
535 2797 635 2870 quod,·
655 2794 814 2852 Lindenbr.
836 2813 892 2850 em.
912 2803 990 2869 quot.

376 2886 408 2919 ⁸⁶
446 2885 584 2961 ,Capilula
612 2884 685 2941 4-6
713 2885 788 2939 idern
820 2883 931 2947 dicunt.
950 2884 1028 2959 quod
1047 2884 1173 2961 oapllula
1193 2885 1338 2960 84er86
1360 2890 1436 2946 rituli

334 2974 416 3032 XXII
436 2975 507 3049 legis
526 2973 658 3030 Frlsleae.
699 2973 732 3030 Iu
753 2972 896 3046 capitulus
915 2973 993 3029 enirn
1013 2972 1084 3048 legis
1104 2973 1227 3030 Frisioae
1246 2977 1435 3037 constitutum

333 3074 386 3126 est,
416 3072 448 3119 ut
475 3080 545 3118 noxe
571 3063 713 3138 perforata
742 3060 878 3117 fisolidis
898 3060 1062 3125 mulolelun
1081 3062 1155 3117 duae
1174 3082 1258 3120 ooxae
1277 3074 1375 3123 autem
1401 3068 1436 3125 12

334 3151 431 3209 solidis
461 3160 488 3207 el
521 3151 622 3207 »duae
651 3168 737 3208 coxae
769 3169 833 3205 oum
865 3149 1013 3206 folliculo'’
1047 3150 1091 3214 15,
1110 3152 1131 3210 i.
1152 3170 1175 3210 e.
1201 3151 1437 3213 l2÷3solidis

334 3242 529 3302 mulctentur3
557 3239 663 3314 qulbus
683 3238 810 3314 repetitis
830 3238 987 3313 capitulum
1010 3236 1027 3293 6
1050 3239 1209 3296 Wulemuri
1228 3241 1337 3307 adiicit.
1355 3246 1435 3320 quod

333 3331 452 3407 quidem
479 3349 532 3407 per
560 3348 589 3386 se
618 3327 802 3406 inlelligilur,
832 3345 919 3382 unam
939 3345 1038 3383 eoram
1060 3345 1152 3385 »oum
1171 3329 1300 3386 follleulo
1321 3335 1436 3392 lestiou·

332 3420 449 3476 lorum’'
479 3419 653 3495 perforatam
682 3418 711 3482 9,
732 3418 751 3477 l.
772 3437 797 3473 e.
820 3415 917 3473 6÷3
936 3415 1035 3475 solidis
1055 3417 1253 3474 mulctandum
1274 3438 1343 3478 esse.
1385 3422 1435 3480 Ins

334 3517 434 3566 eontra
464 3508 675 3583 Thuringornm
696 3506 732 3562 de
751 3507 827 3563 ooxls
846 3505 1002 3563 vulneratis
1020 3508 1058 3562 ab
1077 3525 1111 3562 eo
1129 3507 1194 3564 inre
1212 3508 1289 3583 quod
1309 3509 1384 3566 inest
1403 3512 1434 3569 in

333 3597 497 3654 Wnlamari
527 3596 638 3652 iudiciis
668 3594 753 3670 plane
782 3594 928 3660 abhorret,
955 3594 986 3651 in
1017 3595 1080 3672 lege
1107 3597 1186 3652 enim
1218 3595 1436 3675 Thuringorum

334 3684 373 3751 V,
392 3685 410 3742 2
429 3685 488 3758 (ed.
511 3684 632 3742 Merkel.
652 3683 666 3760 ᾗ
689 3683 735 3759 11)
755 3684 892 3761 legimus:
913 3703 989 3741 coxo
1008 3686 1056 3740 vel
1073 3686 1232 3742 brachium
1253 3695 1438 3763 transpone.-

335 3783 401 3832 tum
420 3783 456 3831 ut
470 3776 746 3851 aanguiue'seffuer'o
764 3782 970 3847 componatur,
989 3782 1017 3830 et
1037 3772 1092 3838 111,
1111 3773 1129 3829 2
1149 3774 1206 3848 (ed.
1226 3773 1348 3834 Merkel.
1369 3778 1383 3854 ᾖ
1405 3777 1435 3852 7)

284 3883 287 3890 ’
335 3866 495 3939 aarrqrre‘nis
513 3867 621 3940 effusio
641 3865 730 3920 liberi
748 3865 878 3920 homi-nie
901 3862 936 3920 10
953 3863 1060 3919 solidis
1078 3872 1285 3936 componatur,
1305 3875 1361 3923 uret
1380 3887 1437 3925 een

335 3955 489 4010 uminum
507 3960 694 4010 sacramento
712 3960 846 4028 negetur,
865 3951 941 4009 oonf.
962 3950 1064 4026 Guupp
1084 3950 1147 4008 Ges.
1166 3951 1197 4011 d.
1216 3951 1305 4011 Thur.
1324 3974 1354 4030 p.
1366 3955 1435 4016 335.

377 4043 408 4077 ⁸⁶
450 4043 523 4099 Cum
554 4042 647 4100 verbis
677 4040 840 4098 Wulemari
861 4045 955 4116 serre
984 4042 1031 4097 nel
1059 4043 1187 4114 quolibet
1215 4044 1271 4098 telo
1292 4046 1437 4102 traiicere

334 4131 529 4209 comparanda
558 4139 625 4187 sunt
655 4130 743 4187 rerba
773 4130 843 4206 legis
871 4129 947 4187 Fris.
977 4127 1070 4192 xxn.
1099 4127 1138 4186 86
1158 4131 1214 4186 telo
1233 4135 1388 4197 traiicere,
1408 4144 1436 4191 et

333 4220 427 4284 xxss,
455 4220 493 4278 85
522 4224 639 4294 sagitto
669 4222 716 4276 uel
744 4220 870 4293 quolibet
891 4221 947 4274 telo
966 4219 1158 4293 transfigere,
1177 4226 1204 4275 et
1225 4220 1314 4276 rerba
1334 4221 1436 4279 Wule·

333 4309 407 4365 ruari
438 4309 527 4386 ipsine
556 4309 586 4366 in
619 4305 896 4384 111‚25ndd.1eg.
917 4306 1435 4384 Frin.=sr'quiaoliumpermeaee·

334 4402 391 4465 rn’t,
412 4407 447 4453 ut
467 4399 586 4456 forrum
605 4401 638 4456 in
659 4418 717 4455 osae
735 4398 866 4472 figatur.
