3156 5464
523 555 639 618 Iunux
662 557 802 620 Rursum.
1159 559 1220 622 139

152 755 176 810 si
205 753 373 831 praecordia
403 751 607 826 (stomachum)
638 752 733 827 gladio
766 751 887 826 tetigerit
912 750 1008 815 XXII,
1028 749 1074 808 48.
1095 750 1142 808 51.
1166 749 1215 826 Os.

151 844 276 908 ferrum,
296 843 395 900 telum.

112 951 261 1008 granos
291 934 316 988 si
346 948 504 1008 granonem
534 931 699 1004 (grenones)
720 930 899 1004 praeciderit.
919 928 1015 992 XXII,
1047 930 1090 986 17.
1123 930 1212 988 And.

153 1021 197 1078 17.
220 1021 268 1096 Os.
288 1020 385 1076 crinis.

110 1110 378 1187 grossitudo:
399 1111 423 1164 si
444 1107 595 1166 brachium
615 1125 650 1163 ex
669 1109 849 1182 percussione
868 1107 1004 1164 decrescit
1023 1126 1040 1163 a
1060 1125 1112 1164 sua
1133 1126 1213 1184 gros·

148 1200 274 1257 situdino
294 1199 385 1256 Add.
405 1196 462 1261 111,
480 1195 527 1254 35.
550 1195 598 1270 Of.
619 1195 734 1252 vulnus.

110 1378 290 1435 Habere:
320 1375 371 1450 qui
402 1394 464 1432 rem
494 1374 660 1450 praestitam
691 1373 794 1429 habuit
825 1372 915 1430 «1άά.
936 1373 975 1437 X,
995 1373 1031 1436 23
1051 1373 1156 1429 habeat
1175 1374 1213 1430 il·

147 1467 211 1524 lum
231 1465 304 1523 sicut
322 1474 446 1520 caeteros
466 1464 530 1518 litos
550 1481 615 1518 suos
634 1466 699 1538 (pro
718 1462 783 1535 lito)
803 1461 856 1525 XI,
880 1461 904 1518 1.
929 1460 976 1536 Os.
995 1462 1149 1537 possidere.

110 1556 380 1612 haereditas:
411 1553 435 1608 si
465 1552 530 1626 quis
558 1560 669 1626 patrem
698 1551 844 1614 occiderit,
872 1550 974 1627 perdat
1004 1551 1209 1608 haereditatem

148 1653 202 1701 eto.
223 1643 303 1706 XIX,
326 1642 350 1700 l.

110 1735 278 1790 haeres:
310 1732 383 1788 duae
414 1738 508 1804 partes
537 1728 714 1804 (weregeldi)
734 1727 771 1784 ad
793 1727 945 1784 haeredem
964 1729 1048 1788 occisi
1067 1728 1211 1804 pertinent

149 1822 176 1885 I,
199 1821 232 1883 ts
252 1823 275 1876 si
295 1822 360 1895 quis
379 1820 500 1875 fratrem
520 1837 605 1874 suurn
627 1817 771 1880 occiderit,
793 1817 883 1874 solvat
902 1837 967 1874 eum
988 1818 1120 1894 proximo
1140 1819 1211 1875 hae·

147 1911 229 1968 redi:
260 1910 320 1968 filio
350 1919 403 1965 etc.
433 1907 522 1971 XIX,
552 1905 591 1968 23
621 1908 720 1962 haeres
749 1905 857 1981 (occisi)
886 1907 1033 1982 proximus
1062 1907 1209 1967 homicidii

146 1999 382 2074 compositionem
401 1996 526 2053 exsolvat
546 1994 625 2058 XIV,
647 1995 671 2053 6.
707 1993 753 2068 Os.
774 1995 965 2069 propinquus,
984 1997 1140 2072 proximus.

108 2090 184 2146 har
198 2107 268 2163 par
280 2108 309 2143 e:
341 2086 417 2144 Iud.
430 2083 525 2142 wat.
550 2085 605 2148 10,
625 2087 664 2157 cf.
686 2086 832 2158 harpatcr.

108 2180 338 2252 harpatora
368 2175 419 2250 qni
450 2176 643 2249 harpatoretn,
673 2173 723 2247 qui
753 2192 820 2228 cum
839 2173 947 2230 circulo
967 2176 1089 2249 harpare
1108 2183 1212 2250 potest,

146 2268 180 2324 in
201 2285 320 2322 manum
340 2263 512 2340 percusserit
535 2263 608 2318 laed.
632 2262 717 2318 Wul.
742 2262 784 2319 10.
809 2261 856 2336 Os.
879 2281 992 2322 manus.

108 2356 150 2411 he
159 2375 175 2410 r
183 2355 244 2410 tha
252 2373 302 2408 mo
312 2373 344 2410 n:
366 2355 389 2408 si
400 2351 579 2427 praecordia,
588 2351 617 2406 id
630 2359 671 2406 cst
683 2352 864 2415 herthamon,
873 2351 969 2425 gladio
980 2352 1102 2425 tetigerit
1111 2351 1209 2416 XXII,

147 2442 197 2500 48.
212 2442 258 2516 Cf.
272 2441 446 2516 praecordia.

109 2531 356 2589 homicidia:
377 2531 400 2586 si
422 2527 565 2584 homicida
584 2527 742 2603 profugerit
763 2526 942 2602 (profugium
954 2529 1062 2593 fecerit,
1083 2550 1141 2586 nou
1162 2531 1210 2588 fu·

146 2621 233 2696 gerit)
257 2619 295 2682 II,
317 2619 343 2674 2.
366 2618 475 2674 7-10=
496 2618 518 2672 si
539 2618 609 2688 (sin)
631 2617 772 2673 homicida
797 2616 874 2672 infra
893 2618 1015 2692 patriam
1039 2628 1080 2675 est
1112 2618 1152 2682 II,
1183 2621 1210 2678 3.

148 2709 184 2771 ὃς
209 2710 233 2764 si
256 2708 398 2767 homicida
429 2705 551 2762 defuerit
584 2704 625 2768 II,
649 2705 676 2760 5.
699 2704 734 2766 ὓς
767 2704 789 2759 si
821 2705 965 2760 homicida
994 2706 1150 2778 (interfecti
1178 2710 1210 2764 iu

149 2798 238 2854 turba
248 2797 362 2872 populi)
373 2815 431 2852 uon
441 2793 545 2870 poterit
555 2793 681 2850 inveniri
692 2791 771 2855 XVI,
792 2793 803 2846 1
816 2813 823 2854 3
844 2811 935 2850 unum
955 2793 1100 2852 hominem
1120 2796 1211 2854 inter-

146 2887 247 2964 pellet,
266 2885 441 2942 homicidam
461 2903 526 2940 cunt
549 2881 671 2958 proxirni
692 2882 736 2937 sni
757 2899 859 2938 vocans
879 2882 959 2944 XIV,
972 2882 999 2940 4.
1013 2882 1208 2956 Oscccidere.

109 2978 154 3032 ho
166 2974 336 3030 micidiu
347 2993 388 3029 m:
411 2977 519 3028 crImen
540 2970 686 3026 homicidii
708 2969 831 3026 obiicere
851 2970 932 3036 XIV,
955 2973 986 3036 1,
1006 2971 1042 3030 de
1055 2974 1208 3031 homicidio

147 3063 333 3138 interpellare
353 3061 432 3122 XIV,
455 3060 533 3117 1-3.
554 3059 591 3121 5;
611 3060 662 3133 qui
684 3059 830 3115 homicidii
849 3061 971 3135 suspecti
989 3060 1046 3117 sint
1067 3061 1145 3126 XIV,
1165 3063 1206 3127 33

147 3154 172 3209 si
204 3152 326 3227 quilibet
345 3152 400 3207 hoc
420 3149 607 3206 homicidium
626 3168 655 3204 se
675 3157 851 3223 perpetrasse
871 3150 1017 3225 negaverit
1036 3149 1063 3215 I,
1084 3150 1136 3217 12,
1156 3152 1207 3228 qui

146 3240 380 3316 compositionem
402 3239 549 3296 homicidii
569 3237 681 3312 quaerit
700 3237 779 3302 XlV,
799 3237 826 3293 3.
847 3238 884 3303 43
916 3240 1064 3296 homicidii
1093 3259 1208 3317 compo-

147 3330 281 3386 sitionem
313 3329 473 3404 persolvere
504 3327 581 3390 XIV,
604 3327 629 3383 1.
651 3326 678 3383 3.
700 3327 734 3389 6,
756 3329 826 3383 haec
846 3335 887 3384 est
907 3327 1013 3403 simpla
1045 3331 1209 3403 compositio

146 3419 184 3474 de
206 3417 366 3474 homicidiis
386 3417 411 3475 I.
441 3420 557 3482 ioscr.,·
577 3416 612 3471 de
633 3415 801 3471 homicidio
826 3415 864 3472 ad
895 3431 1005 3492 portem
1035 3416 1209 3476 dominicam

146 3526 203 3584 pro
232 3506 314 3562 freda
344 3506 382 3563 30
410 3505 494 3562 solid.
524 3504 611 3568 XIV,
625 3504 647 3560 I.
692 3502 739 3573 Cf.
758 3504 925 3567 mordritus,
944 3505 1142 3579 parricidium.

108 3597 245 3652 homos
275 3600 307 3671 a)
328 3595 466 3671 producat
484 3594 643 3658 homiuem,
662 3612 748 3668 quem
777 3594 900 3651 soluerit
919 3593 999 3660 XIV,
1017 3594 1051 3660 53
1072 3599 1158 3654 homo
1178 3598 1208 3654 in

145 3703 254 3758 aquam
285 3685 435 3760 prolapsus
464 3684 560 3748 XXII,
589 3683 643 3746 87³
675 3685 760 3740 homo
787 3685 820 3740 in
840 3693 925 3760 caput
944 3704 1094 3759 percussus
1114 3688 1205 3748 Ado.

144 3771 204 3836 III,
232 3771 284 3837 22;
321 3775 405 3832 homo
435 3773 561 3830 faidosus
592 3774 683 3830 Ado.
712 3772 737 3838 I,
771 3773 801 3830 l:
825 3774 860 3829 de
880 3773 1056 3836 hominibus,
1074 3777 1125 3849 qui
1145 3777 1207 3836 sine

145 3862 351 3937 compositione
370 3863 461 3919 occidi
479 3870 598 3936 possunt
617 3861 654 3926 V,
675 3864 782 3928 inser.,·
803 3865 843 3936 cf.
862 3861 900 3926 X,
923 3862 947 3918 l.
966 3861 1019 3926 XI,
1039 3861 1067 3918 2.
1088 3863 1168 3927 XIV,
1180 3865 1203 3922 l.

146 3951 175 4008 4.
208 3950 302 4015 XVII,
332 3951 360 4008 2.
390 3951 455 4016 XX,
485 3950 514 4009 2.
546 3951 635 4008 Ado.
660 3949 715 4012 III,
735 3949 782 4006 24.
803 3950 851 4008 68.
872 3950 918 4008 69.
940 3950 977 4007 ’15
997 3959 1050 4008 ete.
1091 3955 1119 4024 b)
1139 3972 1205 4010 oum

149 4040 182 4096 11
213 4039 340 4097 eiusdem
369 4039 540 4096 conditionis
559 4038 724 4096 homiuibus
744 4038 769 4104 I,
789 4039 819 4098 2.
839 4043 877 4114 cs.
903 4039 956 4106 133
976 4039 1058 4096 alteri
1077 4040 1206 4101 eiusdem

145 4129 319 4185 conditionis
348 4130 458 4186 homini
489 4129 566 4187 Iud.
587 4127 674 4186 Wocl.
698 4128 748 4194 103
768 4129 877 4204 siquis
897 4130 1068 4193 homusion
1088 4132 1206 4199 nobilis,

145 4219 205 4274 sivo
234 4218 319 4281 liber,
348 4219 406 4274 sire
434 4218 513 4282 litus,
543 4219 600 4274 sive
630 4217 716 4274 etiem
736 4236 833 4274 sersus
852 4219 878 4283 I,
900 4220 944 4276 ll.
963 4219 1043 4285 XXI,
1067 4220 1099 4286 13
1120 4223 1206 4280 homo

145 4306 224 4363 libor
254 4306 295 4372 II,
315 4306 343 4365 4.
363 4307 417 4372 XI,
438 4308 463 4364 1.
484 4307 579 4371 XXII,
596 4306 645 4365 82.
666 4306 713 4364 90.
735 4309 826 4369 Ado.
846 4307 902 4374 III,
922 4308 1081 4373 7131101110
1101 4313 1206 4370 nobilis

148 4395 191 4459 II,
211 4395 239 4453 6.
259 4396 324 4462 XV,
345 4397 369 4454 1.
391 4397 486 4462 XXII,
505 4396 551 4456 90.
574 4398 664 4454 Ado.
685 4396 741 4462 III,
758 4396 805 4456 58.
826 4397 863 4454 72
884 4407 937 4457 etc.
959 4398 1005 4458 Of.
1026 4421 1156 4477 persone.
