3144 5460
488 583 559 630 Lux
576 584 785 632 ualstortmu.
1099 578 1202 631 XXVII

100 791 161 854 bus
196 790 287 856 annis
323 790 378 856 vix
413 789 566 876 peractis,
603 787 745 854 Karalus
782 811 839 855 rex
869 789 972 855 victor
998 785 1200 875 domitorque

14 933 17 939 ·
101 895 285 962 Frisionum
316 905 348 961 et
383 893 548 960 Saxonum
572 893 677 959 factus
702 904 765 972 est3
791 905 823 960 et
847 894 976 960 annales
1001 893 1202 960 Francorum

101 1001 263 1083 referunt,
282 1001 443 1088 quomodo
469 1024 527 1066 rex
551 999 690 1064 Frisium
713 1001 901 1067 orientalem
925 1023 1008 1065 auno
1034 999 1100 1064 785
1127 1000 1203 1065 sub-

102 1117 206 1172 actam
231 1129 330 1195 regno
354 1106 556 1171 Francorum
579 1105 742 1184 adiecerit,
766 1127 804 1170 ac
828 1126 927 1192 pagos
951 1102 1095 1170 eiusdem
1119 1105 1203 1192 epis-

80 1287 81 1290 ,
107 1262 109 1268 .
153 1209 154 1212 '
206 1215 259 1299 pis
283 1211 531 1277 Monasteriensi
556 1221 588 1275 et
611 1211 779 1276 Bremensi
803 1211 985 1277 attribuerit
1003 1215 1045 1274 42.

150 1316 279 1398 Quibus
311 1317 407 1384 rebus
437 1315 580 1381 breviter
605 1314 773 1400 disputatis
797 1316 933 1403 intelligi
958 1325 1076 1402 potest,
1100 1336 1202 1402 regno

102 1411 303 1489 Francorum
339 1421 525 1486 attributam
559 1419 658 1486 fuisse
694 1419 831 1493 Frisium
868 1419 1097 1486 occidentalem
1128 1421 1203 1486 inde

102 1529 143 1593 ab
178 1551 262 1593 anno
295 1529 360 1592 689
396 1547 499 1610 usque
535 1523 576 1589 ad
604 1547 723 1590 annum
750 1528 836 1602 7343
861 1525 997 1591 Frisium
1022 1525 1204 1591 occidenta-

101 1634 165 1699 lem
189 1644 221 1698 et
245 1630 382 1698 mediam
405 1629 481 1696 inde
506 1631 545 1694 ab
570 1653 654 1696 anno
681 1631 747 1695 734
773 1621 876 1716 1111111
901 1629 942 1695 ad
967 1631 1087 1697 annum
1117 1631 1200 1708 7853

102 1739 239 1805 Frisium
279 1761 405 1805 omnem
446 1736 603 1822 denique,
639 1739 724 1802 inter
759 1735 937 1804 Sinkfalam
972 1748 1005 1803 et
1041 1737 1204 1804 Wisaram

103 1846 212 1924 sitam,
247 1843 322 1910 inde
358 1844 398 1908 ab
437 1866 521 1908 auno
560 1843 636 1907 785.
694 1839 790 1922 Quae
823 1866 925 1928 quum
955 1843 1000 1907 ita
1031 1844 1111 1922 sint,
1135 1843 1205 1910 fieri

102 1975 167 2018 non
197 1951 320 2036 potuit,
352 1959 390 2014 ut
421 1949 461 2013 ab
502 1971 585 2012 anno
612 1947 677 2013 689
703 1948 873 2033 usquead
899 1971 1017 2013 annum
1043 1947 1206 2026 785,111

104 2057 266 2144 quaelibet
296 2057 329 2120 in
362 2079 486 2120 omnem
514 2053 653 2120 Frisium
678 2053 888 2134 conderetur,
914 2064 947 2120 et
969 2053 1044 2118 inde
1059 2053 1206 2120 efficitur

104 2175 230 2228 textum
260 2162 340 2250 legis
371 2161 571 2240 Frisiorum,
606 2159 698 2225 nobis
727 2171 968 2238 conservatum,
992 2159 1049 2246 qui
1073 2157 1114 2224 ad
1138 2183 1206 2225 om-

104 2291 179 2334 nem
214 2268 353 2354 pertinet
387 2266 544 2346 Frisium,
580 2276 636 2330 aut
672 2276 746 2330 ante
778 2287 897 2330 annum
931 2267 1015 2344 689,
1048 2276 1104 2330 aut
1132 2275 1205 2351 post

105 2397 225 2438 annum
259 2373 325 2438 785
357 2375 512 2459 scriptum
544 2393 622 2436 1111.
671 2368 741 2450 Qui
772 2382 900 2436 censeat
923 2371 1028 2459 legem
1052 2382 1126 2436 ante
1150 2393 1207 2436 an·

104 2503 182 2544 num
208 2480 273 2544 689
300 2479 449 2564 scriptam
475 2500 558 2556 esse,
583 2497 711 2541 necesse
735 2485 782 2540 111
806 2475 978 2554 concedat,
1001 2475 1206 2564 113111811-

105 2585 170 2649 siae
210 2585 370 2669 quendam
409 2605 571 2671 paganum
612 2605 683 2648 eam
717 2581 830 2647 fecisse
849 2588 899 2658 433
937 2581 999 2645 hoc
1033 2605 1112 2646 vero
1143 2605 1207 2646 non

105 2690 222 2769 fuisse,
258 2691 462 2776 perspicuum
500 2699 548 2754 est
580 2711 616 2752 11
649 2687 889 2752 demonstratur
912 2688 1022 2753 multis
1045 2688 1108 2752 illis
1132 2687 1209 2753 locis

105 2794 184 2880 legis
216 2793 418 2872 Frisionum,
450 2795 506 2878 qui
536 2793 699 2878 pertinent
730 2791 771 2854 ad
796 2792 918 2855 cultum
944 2791 1153 2856 christianum
1177 2805 1210 2858 et

106 2899 338 2986 legislationem
369 2899 586 2975 Francorum,
618 2908 656 2960 ut
687 2897 750 2960 iam
784 2897 912 2960 saeculo
947 2894 1069 2961 decimo
1094 2907 1208 2963 octavo

105 3006 230 3070 notavit
261 3004 414 3068 Halssma
447 3007 479 3068 in
511 3001 796 3088 Verbandelingeu
830 2999 887 3065 der
920 2998 1022 3067 Gran.
1056 2999 1209 3069 Genoots.

104 3109 152 3174 II.
176 3133 206 3196 p.
235 3111 311 3189 146,
336 3121 444 3176 nostro
470 3133 546 3176 vero
570 3120 715 3194 tempore
739 3118 960 3194 exposuerunt
990 3105 1111 3196 Gaupp
1136 3108 1209 3174 Lex

104 3257 245 3268 -ι-ῃ

105 3369 204 3412 eatenus
230 3363 370 3428 gentilium,
402 3362 580 3425 combussitque
605 3361 721 3411 eutimius
739 3370 761 3410 et
779 3360 872 3425 expulit
889 3357 943 3409 Dei
951 3359 1079 3422 famulos,
1097 3369 1120 3410 et
1136 3377 1209 3426 usqae

106 3441 141 3490 ad
167 3439 224 3491 Flac
243 3443 349 3505 fluvium
370 3442 432 3504 fecit
458 3443 580 3491 Fresones
600 3441 695 3490 Christi
703 3439 782 3501 fidem
799 3439 935 3503 relinquere
953 3449 977 3489 et
993 3439 1116 3490 immolare
1134 3441 1208 3492 idolis

106 3521 175 3570 iuxta
200 3539 286 3570 rnorem
304 3523 397 3571 erroris
413 3523 530 3586 pristini,
548 3522 622 3570 Mon.
639 3519 671 3570 G.
689 3520 726 3570 Π.
743 3535 769 3585 p.
786 3525 852 3582 410;
871 3528 896 3570 et
913 3519 977 3570 Vita
1001 3519 1028 3570 S.
1046 3520 1206 3573 willehadi:

106 3599 136 3649 cle
169 3599 304 3665 Wiyrnodia
330 3603 432 3652 transiit
458 3602 483 3650 in
514 3600 649 3659 Utriustri,
678 3601 758 3664 ibique
775 3600 938 3658 conscendens
957 3617 1040 3650 nauem
1057 3617 1124 3651 mare
1141 3603 1208 3654 circa

106 3678 217 3730 Flesiam
235 3681 451 3744 transfretavit...
468 3677 580 3732 1811111111
606 3679 753 3731 Folcardum
776 3683 944 3748 presbyterum
961 3697 1013 3730 carn
1030 3681 1207 3733 lacoraria

100 3776 168 3826 pago
193 3759 267 3822 Lori,
294 3759 428 3812 Beniamin
453 3771 531 3812 autent
557 3762 583 3812 in
615 3761 772 3824 Ubkriustri,
802 3768 900 3810 111...
925 3759 1009 3826 plodio
1035 3771 1207 3826 peremerunt,

104 3841 176 3891 Mon.
195 3840 228 3892 G.
247 3841 282 3892 II.
299 3858 325 3907 p.
343 3849 401 3892 382.

140 3927 173 3970 42
210 3922 285 3972 Ocni.
309 3921 399 3972 Vitam
425 3921 551 3984 Liudgeri
576 3921 598 3971 1.
625 3936 648 3970 1.
678 3925 724 3970 191
742 3918 855 3970 Karolas
882 3919 1006 3968 constituit
1022 3935 1073 3968 curn
1090 3919 1208 3972 doctorem

103 4002 128 4050 in
152 4011 222 4066 pente
247 3999 382 4051 Fleaonum
405 4020 421 4051 a
439 3999 557 4051 orientali
576 4008 650 4064 parte
668 3998 783 4061 fluminis
801 3997 900 4048 Labelci
913 4013 988 4062 saper
1003 4015 1082 4064 papas
1100 4001 1206 4065 quinque

103 4089 161 4144 etc,
186 4082 259 4132 Mon.
286 4081 317 4132 G.
334 4082 371 4131 II.
395 4098 422 4146 p.
447 4086 513 4142 410,
542 4090 567 4130 et
585 4080 649 4128 Vita
667 4079 693 4130 S.
711 4078 868 4128 Willahadi:
886 4075 999 4128 Karalus
1016 4081 1139 4132 constituit
1157 4099 1208 4133 eum

102 4161 221 4213 doctorem
238 4179 313 4228 super
330 4160 432 4212 Riastri
448 4169 505 4222 eta,
520 4160 593 4209 Mon.
611 4158 644 4210 G.
661 4160 697 4210 11.
714 4176 741 4224 p.
758 4163 817 4208 383.

137 4248 170 4292 43
204 4243 385 4308 Dagobertnm
402 4256 489 4306 regem
507 4242 592 4304 legem
609 4239 757 4290 Frisionutn
777 4239 938 4301 condidisse,
956 4253 1034 4302 quam
1059 4242 1206 4304 opinionem

99 4321 221 4374 Sibrandi
249 4323 369 4374 Siccama
389 4339 470 4388 supra
489 4339 515 4387 p.
533 4321 602 4373 XIX
620 4322 748 4386 allegavi,
767 4321 914 4372 confutatur
930 4321 962 4372 iis
981 4334 1048 4385 quae
1066 4322 1098 4372 ds
1116 4323 1207 4374 eodem

106 4419 185 4470 supra
201 4421 227 4468 p.
244 4404 313 4455 XXI
330 4411 390 4456 suut
408 4405 486 4454 111111.
