3156 5464
346 574 406 638 132
756 570 873 634 innox
897 570 1036 636 Itanon.

390 768 437 844 Os.
458 768 578 828 iurator.
596 765 820 823 sacramentalis.

349 855 608 933 conquirere:
639 855 790 928 conquirat
820 873 885 910 eum
917 854 971 910 sibi
1003 854 1039 910 ad
1070 854 1232 911 servitutem
1265 854 1318 920 XI.
1348 855 1383 920 2;
1410 863 1456 934 cs.

387 946 551 1022 adquirere.
659 961 661 966 ·

349 1034 608 1091 constitutio:
643 1035 710 1090 baec
730 1032 892 1090 constitutio
912 1051 946 1088 ex
965 1033 1057 1090 edicto
1077 1033 1151 1108 regis
1171 1034 1304 1108 processit
1325 1034 1393 1091 VII.
1413 1036 1454 1102 2.

386 1126 440 1181 hoc
458 1132 485 1179 et
504 1123 646 1198 superiori
665 1121 791 1197 capitulo
811 1122 997 1178 constitutum
1018 1130 1058 1178 est
1078 1121 1132 1183 XI.
1154 1123 1181 1178 3.
1205 1121 1251 1195 Of.
1272 1123 1327 1180 lex.

347 1221 633 1287 construpare·
663 1211 686 1267 si
716 1209 824 1267 ancilla
843 1211 924 1285 prins
946 1210 1031 1266 fuerit
1061 1219 1244 1285 constuprata
1276 1211 1329 1277 IX.
1349 1215 1378 1272 4.
1401 1214 1453 1290 Cf.

385 1308 528 1376 stuprum.
549 1301 706 1365 moechari.
726 1299 841 1357 violare.

347 1389 612 1448 consuetudo·
642 1389 816 1446 consuetudo
837 1388 902 1444 talis
923 1397 962 1444 est
984 1389 1058 1445 inter
1087 1388 1236 1446 Laubaobi
1256 1399 1307 1448 etc.
1329 1391 1382 1472 ΙΧ,
1403 1392 1453 1450 14.

385 1476 465 1544 XIV.
485 1477 513 1537 2.
534 1477 560 1537 3
593 1477 641 1554 Os.
660 1479 717 1537 lex.
736 1479 896 1536 observare.

345 1569 572 1626 contentio=
603 1567 681 1632 XIV.
701 1568 736 1632 t.
760 1567 807 1642 Os
827 1586 955 1642 campus

346 1656 661 1714 contradicere-
676 1656 727 1731 qui
757 1655 842 1713 alteri
873 1655 948 1712 dam
979 1654 1184 1712 contradixerit
1213 1653 1301 1714 And.
1334 1657 1408 1722 IIIb.
1435 1659 1449 1714 l

386 1747 434 1820 (p.
454 1745 522 1820 35);
545 1744 593 1819 Cf.
613 1746 668 1803 ria.
767 1779 770 1788 .

346 1836 604 1892 contrahere:
631 1834 655 1890 si
675 1835 740 1910 quis
760 1833 875 1890 illicitas
895 1833 1011 1909 nuptias
1030 1833 1203 1889 contraxerit
1222 1831 1310 1890 And.
1332 1834 1390 1899 III.
1400 1835 1451 1892 77.

385 1923 431 2000 Os.
451 1924 577 2000 nuptiae.

344 2014 582 2074 conrenires
611 2013 635 2068 si
655 2012 691 2069 de
710 2013 837 2069 facinore
855 2011 1022 2067 convenerit
1041 2009 1122 2076 XXI.
1145 2011 1169 2068 Ι.

344 2103 604 2160 convincere:
634 2102 657 2158 si
677 2102 766 2168 fuerit
787 2099 930 2157 convictus
951 2101 995 2174 (in
1014 2099 1120 2156 iudicio
1139 2101 1276 2158 ferventis
1295 2120 1399 2176 aquae.
1416 2105 1451 2160 in

381 2192 549 2266 certamine)
569 2190 626 2255 III.
645 2190 673 2247 8.
695 2190 723 2247 9.
742 2189 822 2254 XIV.
841 2189 881 2255 5.ι
901 2188 948 2262 Os.
969 2207 1044 2245 reus.

343 2281 510 2338 coriumt
539 2298 636 2337 servus
666 2279 791 2354 vapulet.
822 2277 879 2335 nisi
907 2273 1043 2334 dominus
1074 2280 1184 2335 corium
1215 2278 1276 2336 eius
1305 2281 1453 2338 redimere

382 2368 504 2426 voluerit
523 2368 580 2433 ΙΙΙ,
597 2368 627 2424 7.
650 2367 696 2443 Of.
716 2368 859 2424 dominus.

342 2468 466 2516 costa:
497 2460 522 2516 si
541 2467 647 2515 costam
668 2458 801 2514 inciderit
821 2456 917 2519 XXII.
936 2455 983 2514 23.
1004 2455 1092 2514 And.
1113 2457 1170 2521 111.
1191 2456 1312 2516 ‘ts-30.

343 2567 455 2605 coxas
486 2548 510 2603 si
539 2566 638 2604 coxam
668 2567 756 2622 supra
784 2565 858 2622 genu
880 2545 997 2622 fregerit
1019 2546 1062 2602 vel
1082 2535 1255 2622 praeciderit
1273 2547 1369 2612 XXII.
1389 2547 1450 2611 6ος

381 2637 405 2694 si
434 2645 587 2711 utramque
618 2654 717 2693 conam
748 2635 806 2692 telo
825 2635 966 2691 traiecerit
986 2636 1197 2710 (perforaverit.
1216 2640 1451 2712 transpunxerit)

379 2724 474 2790 XXII.
503 2723 551 2783 84.
580 2723 629 2784 85.
659 2725 735 2782 Iatd.
768 2723 853 2783 Wnl.
886 2722 967 2780 4⁶6.
998 2723 1087 2782 Add.
1118 2724 1176 2788 III.
1199 2724 1254 2790 613
1275 2727 1298 2782 si
1319 2727 1391 2801 quid
1412 2727 1451 2783 de

380 2815 498 2872 brachio
527 2824 613 2890 atque
643 2833 745 2877 mauu.
764 2813 804 2869 ita
824 2813 859 2870 de
879 2831 950 2870 coxa
970 2832 1003 2869 ac
1021 2813 1094 2890 pede
1112 2813 1271 2888 iudicatum
1291 2823 1334 2872 est
1353 2815 1450 2873 XXII.

380 2903 428 2962 79.
453 2902 499 2978 Os.
520 2919 597 2969 crus.
617 2902 698 2968 tibia.
716 2923 777 2979 pes.
883 2955 885 2959 .
1202 2925 1204 2930 ’

342 3002 517 3050 cratere:
554 2992 579 3048 si
610 2993 675 3067 quis
705 2992 796 3050 alium
826 2992 971 3067 unguibus
1000 2993 1151 3050 crataverit
1181 2992 1269 3052 Add.
1300 2992 1368 3057 111.
1399 2993 1450 3051 44.
1564 3053 1567 3060 ,

383 3079 429 3155 Of.
449 3080 573 3156 cladolg.

341 3170 511 3226 crimen·
543 3169 653 3225 crimen
673 3169 822 3225 homicidii
842 3169 868 3224 ei
888 3167 1013 3225 obiicere
1033 3168 1112 3234 XIV.
1135 3171 1160 3228 1.
1184 3169 1232 3244 Os.
1251 3171 1354 3229 scelus.

340 3258 486 3316 crinis.
518 3258 542 3314 si
572 3258 637 3334 quis
668 3259 777 3315 crinem
806 3258 891 3314 alteri
920 3258 956 3314 de
976 3259 1068 3333 capite
1088 3260 1258 3317 abstraxerit
1278 3260 1367 3318 Add
1388 3262 1448 3325 III.

378 3347 425 3405 39.
460 3346 507 3421 Of.
526 3347 648 3424 capillus
668 3356 696 3404 et
715 3367 815 3424 grano.

342 3457 449 3494 crus:
470 3438 494 3492 si
515 3456 580 3493 crus
599 3457 633 3494 ex
653 3438 836 3514 percussione
856 3436 993 3494 decrescit
1012 3436 1101 3494 And.
1120 3437 1178 3503 III.
1199 3437 1245 3496 35.
1267 3438 1344 3496 laed.
1358 3439 1446 3499 Wacl.

378 3525 408 3582 8.
431 3523 477 3599 Os.
498 3543 577 3582 coxa.

340 3631 453 3671 crux.
484 3613 565 3689 signo
595 3615 687 3671 crucis
716 3617 867 3672 innotatur
895 3618 1005 3689 (notata
1036 3617 1089 3690 est)
1120 3624 1204 3673 tenus
1234 3616 1325 3682 XIV.
1358 3619 1383 3676 Ι.
1416 3617 1444 3674 2.

380 3701 427 3776 Cf.
448 3721 518 3759 sors.
545 3741 548 3746 -

339 3791 519 3849 cubitus:
550 3793 589 3864 a)
614 3791 767 3849 brachium
798 3810 887 3866 snpra
918 3792 1047 3848 cubitum
1079 3792 1258 3849 confractum
1278 3792 1374 3858 XXII.
1394 3792 1442 3850 24.

378 3879 465 3938 And.
496 3878 553 3945 III.
573 3878 627 3945 613
646 3880 798 3937 brachium
819 3879 896 3936 infra
916 3880 1047 3936 cubitum
1068 3881 1134 3951 (sub
1153 3881 1261 3954 cubito)
1281 3880 1377 3947 XXII.
1395 3881 1442 3939 25.

378 3968 466 4026 Actu.
496 3968 553 4034 ΙΙΙ,
585 3968 640 4033 62,
669 3969 882 4044 (iiduwagi)1n
902 3970 997 4025 cubito
1017 3968 1112 4026 XXII
1132 3969 1178 4026 39.
1198 3967 1245 4027 44.
1287 3973 1316 4042 b)
1336 3970 1443 4027 vulnus

292 4132 294 4136 Ι
377 4057 454 4134 quod
475 4050 564 4115 cubiti
585 4059 676 4134 (pleni
696 4059 798 4132 cubiti)
817 4058 998 4134 longitudine
1017 4058 1105 4115 fuerit
1125 4057 1220 4125 XXII.
1239 4058 1288 4124 70,
1298 4062 1337 4133 cf.
1346 4059 1445 4124 ΧΧΙΙ,

337 4191 585 4312 culpabilis:
616 4237 774 4293 tremissem
804 4244 968 4313 componat.
998 4236 1029 4293 id
1049 4245 1089 4293 ast
1109 4237 1261 4313 culpabilis
1283 4237 1440 4295 tremissem

375 4324 428 4388 IX.
447 4325 483 4389 7.
513 4325 531 4381 4
551 4326 631 4384 solid.
653 4325 807 4403 culpabilis
825 4325 969 4383 iudicetur
988 4324 1100 4391 XVIII.
1122 4326 1147 4384 l.
1170 4325 1217 4403 Os.
1236 4328 1352 4402 punire.

336 4413 492 4472 curtis:
524 4413 554 4468 in
586 4423 665 4470 curte
695 4423 722 4470 et
755 4413 822 4471 nilla
841 4413 894 4478 IV.
914 4415 951 4479 93
972 4415 1023 4490 qni
1042 4416 1073 4471 in
1094 4425 1173 4472 curte
1193 4415 1272 4472 ducis
1292 4419 1438 4475 hominem
