3144 5460
757 584 826 632 LEX
847 584 1054 636 nntstonunt.

752 791 1060 804 —uua-——m

773 911 802 976 Τ
827 910 844 975 Ι
869 909 906 975 Τ.
956 912 1047 976 Χδθ.

756 1133 805 1180 nn
828 1117 1051 1180 nnsn1nus87.

902 1337 925 1384 1.

406 1420 443 1488 Si
479 1424 551 1509 quis
589 1425 683 1489 homo
720 1446 817 1509 super
841 1425 984 1509 reliquiis
1009 1435 1191 1489 sanctorum
1215 1423 1333 1490 falsum
1360 1449 1474 1492 saera-

359 1540 503 1596 mentum
543 1529 721 1606 iuraverit,
761 1529 802 1592 ad
837 1541 960 1613 partein
996 1530 1083 1617 regis
1118 1530 1330 1617 weregildum
1369 1555 1472 1597 suum

360 1645 546 1718 componat,
583 1644 616 1698 et
651 1634 714 1698 olio
751 1634 925 1721 weregildo
963 1658 1093 1699 menum
1129 1658 1220 1700 snam
1259 1637 1401 1702 redimat
1416 1644 1470 1717 88;

361 1736 400 1802 de
425 1738 680 1804 coniuratoribus
704 1740 773 1804 eius
796 1740 1019 1828 unusquisque
1044 1739 1255 1832 weregildum
1276 1765 1374 1808 snum
1393 1767 1470 1833 per-

358 1844 462 1909 solvat
475 1848 517 1913 ⁸⁹.

760 2029 1058 2050 —m

789 2152 924 2219 TIT.
971 2152 1036 2220 XI.

804 2375 853 2424 nn
877 2360 1014 2422 L1T090.

902 2578 924 2623 1.

407 2669 441 2736 Si
478 2667 561 2732 liber
595 2666 689 2731 homo
725 2676 900 2751 spontanea
932 2665 1111 2746 voluntate,
1138 2672 1191 2735 vel
1214 2670 1298 2736 forte
1322 2679 1463 2739 necessi«

360 2787 425 2844 tute
458 2786 606 2851 coaetus,
638 2770 754 2850 nobili,
786 2793 841 2834 seu
872 2770 990 2850 libero,
1015 2795 1073 2837 eeu
1105 2777 1199 2840 etiam
1229 2776 1302 2857 lito,
1326 2779 1361 2843 in
1385 2805 1460 2865 per·

360 2905 469 2948 sonam
506 2891 537 2945 et
574 2879 607 2941 in
643 2876 809 2942 servitium
845 2876 937 2941 liti⁹l
973 2900 1007 2944 se
1039 2879 1236 2960 subdiderit,
1272 2893 1304 2947 et
1344 2897 1459 2970 postea

359 3010 394 3052 se
430 2987 492 3051 hoo
526 2983 638 3048 fecisse
673 3002 792 3065 negare
829 2981 981 3061 voluerit,
1017 2985 1103 3049 dicat
1125 2986 1193 3064 ille,
1218 2989 1275 3073 qui
1299 3011 1375 3052 enm
1398 3015 1458 3076 pro

359 3093 415 3157 lito
451 3089 571 3156 habere
606 3087 694 3150 visus
730 3095 795 3150 ost:
833 3133 853 3164 „
868 3084 937 3151 Aut
961 3111 1022 3176 ego
1046 3099 1078 3154 te
1102 3113 1175 3155 enm
1201 3094 1458 3160 coniuratoribus

361 3246 380 3277 ‚,
407 3197 485 3260 meis
521 3216 597 3271 sex,
634 3191 687 3258 vel
723 3201 861 3276 septem,
894 3193 945 3256 vel
970 3193 1094 3273 decem,
1119 3196 1170 3261 vel
1194 3198 1382 3278 duodecim,
1406 3203 1458 3266 vel

361 3351 380 3384 ‚,
406 3303 501 3368 etiam
539 3297 669 3386 viginti,
704 3308 900 3362 sacramento
935 3321 1006 3363 meo
1034 3301 1111 3365 mihi
1135 3301 1227 3367 litum
1249 3303 1379 3385 faciam,
1404 3311 1458 3373 vel

361 3457 381 3488 „
408 3421 443 3472 tu
480 3429 553 3470 cnm
589 3405 654 3470 tuis
686 3402 946 3468 coniuratoribus·
963 3403 1004 3469 de
1029 3429 1099 3470 mea
1122 3419 1279 3492 potestate
1303 3424 1335 3476 te
1358 3412 1457 3480 debes

362 3562 382 3593 „
408 3509 586 3578 excusare.’'
632 3505 668 3574 Si
692 3506 747 3572 ille
770 3519 848 3572 tuno
871 3510 978 3574 iurare
1003 3511 1096 3591 velit,
1121 3513 1220 3593 iuret,
1245 3528 1276 3580 et
1301 3519 1457 3584 servitute

360 3617 529 3692 liberetur3
555 3613 580 3676 si
604 3621 713 3678 autem
736 3612 842 3677 iurare
867 3615 1014 3695 noluerit,
1039 3617 1091 3682 ille
1115 3621 1172 3703 qui
1196 3643 1269 3685 eum
1293 3622 1456 3708 possidere

360 3721 546 3798 videbatur,
581 3719 681 3796 iuret,
717 3717 800 3782 siout
835 3719 994 3801 condixit,
1031 3734 1063 3788 et
1102 3722 1218 3789 habeat
1250 3727 1342 3792 illum
1374 3731 1456 3796 siout

359 3839 502 3896 caeteros
524 3825 598 3890 litos
621 3845 705 3889 suos.

851 3989 853 3994 s
882 3951 910 3996 11
922 3937 963 3996 ⁹2.

406 4037 443 4106 Si
466 4037 543 4102 litus
567 4045 666 4100 semet
690 4035 794 4122 ipsum
818 4039 948 4123 propria
971 4042 1108 4124 pecunia
1131 4066 1150 4106 a
1174 4045 1301 4112 domino
1327 4072 1385 4114 suo
1404 4073 1453 4115 re-

361 4145 512 4224 demerit,
536 4151 569 4206 et
593 4163 703 4218 unum,
728 4141 780 4206 vel
806 4142 896 4222 duos,
921 4145 973 4208 vel
1000 4159 1072 4225 tres,
1097 4150 1149 4213 vel
1175 4153 1333 4236 quotlibet
1357 4179 1452 4221 annos

359 4252 392 4316 in
416 4250 563 4313 libertate
588 4247 722 4326 vixerit,
748 4249 919 4314 etiterum
944 4272 962 4313 a
986 4250 1113 4318 domino
1130 4255 1170 4320 de
1187 4259 1299 4346 eapitis
1316 4263 1366 4324 sui
1382 4283 1452 4326 con·

360 4355 478 4422 ditione
502 4353 599 4417 fuerit
623 4353 852 4433 calumniatus,
877 4354 1003 4421 dicente
1027 4358 1087 4446 ipsi
1112 4359 1253 4429 domino:
1281 4411 1299 4443 „
1325 4365 1399 4434 Non
1422 4382 1453 4436 to
