3144 5460
516 597 588 642 oux
609 595 817 642 rmsrouum.
1185 583 1224 641 ‘tl

110 825 182 886 pro
207 800 315 877 freda3
364 802 543 888 (LXXXIX.)
593 802 617 864 si
644 825 701 886 por
726 802 867 867 verenda
887 802 954 866 eius
974 801 1227 885 comprehende-

110 909 182 985 rit,
207 906 257 970 IV
283 907 392 972 solidis
418 921 585 992 componat
611 919 643 970 et
667 907 747 970 duos
773 906 890 971 solidos
915 929 973 992 pro
999 905 1097 970 freda.

623 1029 670 1075 xo
689 1015 729 1073 24.

170 1116 345 1205 Epilogus:
395 1115 485 1181 Haec
510 1120 615 1182 omnio
639 1115 679 1182 ad
704 1116 841 1181 liborum
865 1116 1025 1180 hominem
1050 1115 1227 1200 pertinent,

112 1221 237 1287 nobilis
271 1245 347 1287 vero
379 1222 514 1287 hominis
547 1222 750 1309 compositio,
776 1223 843 1285 sive
868 1221 900 1284 in
925 1220 1113 1286 vulneribus
1128 1225 1158 1268 25
1194 1233 1226 1284 et

111 1328 397 1414 percussionibm,
430 1338 461 1392 ot
485 1329 516 1392 in
542 1329 688 1393 omnibus
713 1351 796 1412 quae
820 1327 967 1414 superius
991 1325 1110 1411 scripta
1134 1338 1225 1402 sunt,

114 1435 218 1498 tertia
249 1443 341 1518 parte
373 1434 473 1498 maior
504 1433 658 1512 efficitur3
689 1434 738 1498 liti
770 1456 846 1498 vero
872 1432 1074 1518 compositio,
1100 1432 1166 1495 sivo
1191 1432 1223 1494 in

114 1537 310 1604 vulneribus
328 1543 370 1617 2⁶,
393 1539 460 1604 sive
484 1541 516 1603 in
541 1539 808 1627 percussionibus
833 1539 950 1603 sivein
971 1537 1223 1602 mancatiooibus

113 1657 151 1709 et
172 1698 175 1704 .
194 1647 227 1708 in
267 1644 412 1709 omnibus
449 1646 596 1731 superius
633 1645 801 1731 descriptis
821 1647 870 1722 2⁷,
907 1641 1078 1708 medietate
1121 1643 1224 1708 minor

107 1761 185 1828 test,
211 1772 307 1836 quam
332 1750 423 1814 liberi
448 1749 592 1814 hominis.

391 2050 593 2119 ADDITIO
618 2047 894 2141 SAPIENTUM
915 2052 955 2109 28.

486 2353 796 2420 WULEMARUS
817 2359 865 2417 2⁹:

552 2547 580 2610 Τ
605 2547 622 2612 I
647 2545 688 2611 Τ.
710 2546 787 2609 1³0.

458 2767 461 2774 '
509 2771 558 2816 DE
582 2769 674 2817 Pacu
698 2767 852 2816 FAIDOSI·

630 2959 702 3028 1³¹·

168 3067 277 3132 Homo
302 3063 443 3129 faidosus
467 3083 576 3147 pacem
602 3060 716 3124 habeat
740 3061 772 3123 in
799 3057 948 3136 ecclesia,
972 3057 1004 3122 in
1030 3057 1123 3122 domo
1150 3082 1226 3136 sua,

117 3177 161 3241 ad
196 3173 361 3239 ecclesiam
394 3168 517 3248 eundo,
550 3168 590 3233 de
627 3166 761 3232 ecclesia
793 3163 975 3242 redeundo,
1007 3162 1048 3228 ad
1072 3164 1223 3249 placitum

118 3281 248 3361 eundo,
284 3279 323 3342 (lo
348 3277 464 3364 placito
489 3273 664 3340 redeundo.
712 3269 779 3350 Qui
803 3270 887 3333 hano
910 3290 1022 3354 pacem
1047 3267 1226 3354 effregerit,

118 3401 151 3454 et
174 3386 334 3453 hominem
351 3381 515 3459 occiderlt,
538 3378 650 3442 novies
674 3371 787 3436 XXX
814 3372 931 3436 solidos
950 3383 1135 3456 componam
1158 3373 1224 3459 (11.)

118 3496 144 3559 si
179 3488 417 3565 vulneraverit,
450 3485 560 3549 novies
592 3477 666 3542 XII
703 3475 819 3543 solidos
844 3486 1013 3563 componat
1036 3476 1076 3541 ad
1101 3487 1223 3561 partem

117 3599 215 3689 regis.

623 3711 664 3758 111
682 3696 726 3751 ³2.

167 3794 205 3861 Si
230 3796 302 3882 quis
327 3792 484 3858 caballum
508 3790 664 3856 furaverit
689 3799 746 3853 out
777 3786 907 3862 bovem,
937 3793 993 3848 aut
1010 3804 1173 3846 screonam
1192 3788 1225 3830 33

119 3902 303 3990 effregerit,
338 3899 465 3984 capitali
501 3897 658 3962 sententia
693 3893 864 3978 puniatur,
906 3889 956 3954 vel
998 3888 1093 3952 vitam
1135 3907 1223 3957 suam

115 4007 225 4092 pretio
250 4006 394 4072 redimat.
