3144 5460
344 528 383 579 Vl
760 523 831 575 Lux
852 521 1061 576 FRISIONUM.

343 735 441 800 ander
473 735 578 798 aoniae
610 732 768 821 Puppijru
804 733 962 811 badoario,
990 727 1079 796 ibide
1119 727 1196 794 ibid.
1219 750 1250 792 v.
1278 727 1335 793 10:
1376 720 1456 792 Folo

345 843 401 906 dut
432 850 522 926 apter
559 860 612 903 zea
634 848 731 902 woeot
753 837 803 917 ai,
837 847 955 902 tuaeoea
977 837 1033 902 der
1063 835 1183 900 Weaere
1206 835 1282 900 endo
1308 833 1453 911 Siacoal,

344 947 400 1010 dut
435 946 473 1008 wi
516 943 686 1009 Vrieselout
720 943 806 1008 keten
842 943 873 1006 bi
907 963 1036 1020 nomen,
1078 938 1155 1005 ibid.
1187 963 1218 1026 p.
1246 938 1312 1003 163
1318 962 1329 1014 ς
1373 937 1455 1003 ibid.

345 1073 377 1114 v.
404 1046 482 1126 115,
507 1048 625 1114 Faeaon
652 1049 735 1112 tideo
759 1069 854 1132 quom
877 1047 940 1112 aule
960 1045 1052 1134 praui
1075 1047 1135 1112 dea
1153 1045 1247 1124 aolka,
1264 1046 1321 1108 dut
1335 1057 1454 1110 tuaaeon

344 1154 471 1222 Sineoot
505 1164 588 1218 enter
631 1153 750 1218 Wesere
772 1164 821 1216 rat
844 1151 976 1230 allatae,
1008 1153 1063 1216 dat
1085 1152 1163 1216 door
1185 1172 1249 1214 aaa
1288 1171 1341 1215 ane
1363 1169 1457 1214 arura

345 1281 486 1348 pomona,
511 1258 585 1324 ende
609 1257 749 1323 oitomoie
779 1257 901 1323 Vrieaea
917 1259 1029 1335 atera,
1052 1255 1130 1322 ibid,
1152 1278 1184 1342 p.
1211 1255 1287 1320 164.

393 1362 559 1431 Summam
589 1361 746 1427 iaciamus
771 1384 897 1442 rarum,
931 1383 1014 1448 quae
1038 1359 1088 1426 his
1111 1360 1144 1425 in
1168 1359 1245 1424 loeis
1269 1369 1345 1423 sunt
1368 1358 1455 1425 rela-

345 1480 417 1536 taer
453 1478 597 1552 tempore
628 1465 708 1553 legis
739 1466 923 1532 Frisionum
955 1466 1075 1531 fluvius
1106 1463 1233 1530 Sinkial
1263 1463 1343 1530 fines
1375 1463 1455 1529 feeit

347 1574 471 1640 Frisiae
503 1571 724 1650 occidentalis,
760 1571 813 1636 vel
845 1582 882 1636 ut
913 1571 1020 1637 verbis
1050 1571 1131 1658 legis
1162 1569 1347 1636 Frisiorum
1378 1581 1459 1634 utar

349 1725 369 1760 „
394 1677 578 1744 Frisiorum
602 1675 857 1757 occidentalium,
871 1677 955 1743 inter
970 1673 1024 1742 Fri
1039 1686 1073 1741 et
1088 1673 1289 1743 Sinefalarn”.
1311 1712 1358 1725 -
1381 1671 1456 1738 An-

348 1807 390 1850 no
425 1784 515 1848 1200
547 1803 599 1848 res
630 1792 735 1847 terrae
765 1781 916 1848 laudatae
947 1781 1042 1849 valde
1067 1803 1136 1846 sese
1160 1788 1457 1847 commutaverant}

348 1889 473 1956 incolae
503 1886 630 1954 Frisiae
660 1887 864 1954 occidentalis
898 1887 1048 1974 antiquae
1071 1897 1150 1952 tuno
1173 1909 1238 1952 non
1261 1896 1353 1950 erant
1376 1885 1457 1950 soeii

349 1995 532 2061 Frisionum
556 1993 640 2057 inter
662 1990 717 2057 Fli
741 2002 773 2058 et
795 1993 977 2070 Wisaram,
1009 1993 1066 2078 qui
1089 2001 1268 2059 statuerant
1292 2013 1372 2076 quas
1395 2013 1460 2056 vo·

350 2110 425 2166 eant
449 2143 469 2177 „
494 2094 720 2184 Septendeeim
743 2096 938 2164 Petitiones”
961 2098 1014 2163 vel
1036 2145 1056 2178 „
1077 2097 1133 2164 tha
1149 2110 1322 2186 segentene
1337 2096 1460 2178 kesta’'',

349 2207 383 2271 in
408 2227 546 2290 quarum
570 2199 693 2268 decima
716 2201 837 2267 dictum
855 2213 914 2282 est,
929 2201 1081 2268 Frisones
1095 2205 1338 2272 eonfoederatus
1354 2254 1373 2286 ‚,
1391 2227 1457 2269 non

351 2321 500 2398 oportere
528 2308 705 2374 exercitum
741 2308 860 2375 ducere
896 2309 1052 2388 ulterius,
1085 2333 1180 2396 quam
1216 2311 1257 2376 ad
1292 2311 1457 2377 Wiseram

331 2439 465 2512 ¹versus
500 2415 671 2492 orientem,
708 2425 741 2479 et
776 2436 889 2479 versus
924 2414 1123 2481 occidentem
1146 2438 1250 2501 usque
1273 2416 1345 2482 Flr
1369 2415 1404 2504 (i.
1428 2438 1456 2480 a.

351 2543 416 2587 nou
445 2530 537 2585 extra
560 2519 639 2584 fines
662 2518 787 2584 Frisiae
811 2530 889 2586 tunc
912 2518 1181 2609 confoederatae).
1230 2519 1359 2603 Quibus
1383 2539 1457 2586 ver:

353 2626 402 2692 bis
433 2626 547 2690 notitia
577 2623 725 2703 additur,
750 2623 901 2691 historiae
925 2625 1052 2691 omnino
1075 2649 1277 2715 repugnans:
1303 2673 1323 2706 ,-,
1348 2649 1457 2713 regem

353 2730 515 2797 Karolum
538 2730 700 2817 petivisse,
724 2728 812 2815 quod
839 2729 1001 2796 Frisiones
1030 2729 1115 2796 ultra
1142 2733 1300 2818 proficisci
1328 2733 1460 2811 veilent,

352 2837 386 2902 in
417 2835 617 2901 occidentem
649 2857 754 2921 usque
787 2833 984 2924 Singfallum
1020 2837 1056 2924 (i.
1094 2859 1122 2902 e.
1158 2860 1263 2924 usque
1298 2837 1340 2902 ad
1377 2837 1459 2903 fines

353 2941 503 3027 antiquos
527 2938 651 3004 Frisiae
686 2939 921 3027 oooidentalis);
955 2940 1118 3006 Frisiones
1149 2952 1255 3008 autem
1283 2943 1460 3008 obtinuisse

355 3045 443 3132 apud
466 3043 627 3110 Karolum
663 3043 719 3123 id,
755 3044 842 3129 quod
864 3045 926 3130 ipsi
950 3045 1070 3110 bannos
1105 3068 1180 3112 suos
1203 3071 1268 3112 non
1287 3049 1372 3114 ultra
1392 3069 1460 3112 ser·

354 3160 493 3230 vareut,
518 3173 615 3236 quarn
650 3152 683 3214 iu
718 3150 917 3216 occidentem
951 3173 1056 3238 usque
1079 3151 1133 3217 Fli
1165 3153 1242 3220 eto''.
1279 3190 1326 3206 ι-
1361 3152 1459 3218 Anno

358 3257 448 3323 1286
485 3255 625 3341 denique
661 3255 798 3341 scriptor
828 3254 1022 3322 Flandrieus
1054 3256 1191 3323 Iacobus
1223 3259 1264 3324 de
1295 3258 1459 3324 Maerlaut

356 3372 453 3450 poeta
492 3382 589 3446 quem
626 3370 758 3439 vocant,
797 3372 998 3448 compertum
1032 3362 1163 3442 habuit,
1203 3364 1366 3431 Wisaram
1391 3362 1459 3450 (vel

360 3511 380 3546 „
405 3462 551 3546 Albim”)
574 3474 608 3528 et
631 3462 758 3530 Sinkfat
781 3476 885 3532 aetate
908 3466 1040 3554 Pippini
1064 3491 1103 3534 ae
1121 3468 1238 3535 Karoli
1253 3469 1333 3536 fines
1348 3467 1462 3534 fecisse

358 3570 553 3649 Frisiorum,
582 3591 720 3655 quorum
744 3580 862 3636 terram
886 3594 1012 3638 omnem
1036 3574 1113 3640 dioit
1136 3597 1195 3641 suo
1219 3585 1363 3662 tempore
1385 3595 1460 3661 par·

358 3685 425 3740 tem
448 3695 517 3741 esse
540 3671 710 3740 Saxoniae.

407 3780 547 3847 Nomine
571 3777 765 3844 Sinkfal
788 3781 987 3870 significatur
1006 3786 1182 3852 maritimus
1202 3786 1300 3867 sinus,
1319 3789 1352 3852 in
1370 3797 1460 3872 parte

358 3882 600 3973 septentrionali
634 3884 771 3974 Brtigge
800 3886 889 3952 urbis
921 3886 1113 3958 Flandricae
1143 3893 1219 3958 olim
1250 3894 1339 3958 situs.
1389 3893 1460 3958 Lex

354 3989 543 4056 ‚Frisionum
577 3990 720 4054 nominat
756 4037 776 4068 „
800 3992 974 4079 Suessulam
987 3996 1154 4081 fluviani',
1193 4020 1231 4064 ae
1267 3997 1344 4064 dicit
1387 4022 1460 4064 eum

354 4095 456 4162 ,finem
486 4094 598 4160 fecisse
628 4094 752 4162 Frisiae
784 4097 998 4164 occidentalis.
1044 4099 1180 4169 Saeculo
1212 4102 1401 4170 duodecimo
1429 4113 1460 4169 et

357 4200 483 4267 decimo
514 4199 610 4265 tertio
641 4197 768 4267 Sinkfal
799 4213 868 4269 erat
899 4214 1030 4290 portus,
1064 4229 1163 4294 quem
1184 4232 1282 4276 naves
1305 4211 1462 4298 plurimae

357 4304 624 4392 frequentabant:
659 4307 815 4394 principio
847 4309 966 4376 saeculi
996 4310 1191 4395 duodecimi,
1227 4326 1310 4384 teste
1333 4315 1463 4382 Adamo
