<?xml version="1.0" encoding="UTF-8"?>
<!DOCTYPE html PUBLIC "-//W3C//DTD XHTML 1.0 Transitional//EN"
    "http://www.w3.org/TR/xhtml1/DTD/xhtml1-transitional.dtd">
<html xmlns="http://www.w3.org/1999/xhtml" xml:lang="en" lang="en">
 <head>
  <title>
</title>
<meta http-equiv="Content-Type" content="text/html;charset=utf-8" />
  <meta name='ocr-system' content='tesseract 3.04.00' />
  <meta name='ocr-capabilities' content='ocr_page ocr_carea ocr_par ocr_line ocrx_word'/>
</head>
<body>
  <div class='ocr_page' id='page_1' title='image "./delexfrisionumu00saxmgoog_0166.png"; bbox 0 0 3158 5464; ppageno 0'>
   <div class='ocr_carea' id='block_1_1' title="bbox 345 571 1228 644">
    <p class='ocr_par' dir='ltr' id='par_1_1' title="bbox 345 571 1228 644">
     <span class='ocr_line' id='line_1_1' title="bbox 345 571 1228 644; baseline 0 -4"><span class='ocrx_word' id='word_1_1' title='bbox 345 575 406 642; x_wconf 89' lang='lat'><strong>108</strong></span> <span class='ocrx_word' id='word_1_2' title='bbox 571 576 666 641; x_wconf 85' lang='lat' dir='ltr'><strong>Anu.</strong></span> <span class='ocrx_word' id='word_1_3' title='bbox 688 574 770 642; x_wconf 75' lang='lat' dir='ltr'><strong>San.</strong></span> <span class='ocrx_word' id='word_1_4' title='bbox 811 571 1228 644; x_wconf 73' lang='lat' dir='ltr'><strong>n1r.1v—n1r.v.</strong></span> 
     </span>
    </p>
   </div>
   <div class='ocr_carea' id='block_1_2' title="bbox 333 768 1448 3155">
    <p class='ocr_par' dir='ltr' id='par_1_2' title="bbox 339 768 1448 1556">
     <span class='ocr_line' id='line_1_2' title="bbox 341 768 1448 844; baseline 0.001 -16"><span class='ocrx_word' id='word_1_5' title='bbox 341 772 442 828; x_wconf 83' lang='lat' dir='ltr'><strong>addat</strong></span> <span class='ocrx_word' id='word_1_6' title='bbox 472 771 500 827; x_wconf 86' lang='lat' dir='ltr'><strong>ei</strong></span> <span class='ocrx_word' id='word_1_7' title='bbox 529 773 711 828; x_wconf 76' lang='lat' dir='ltr'><strong>eortaimilem</strong></span> <span class='ocrx_word' id='word_1_8' title='bbox 732 779 760 828; x_wconf 85' lang='lat' dir='ltr'><strong>et</strong></span> <span class='ocrx_word' id='word_1_9' title='bbox 777 769 813 826; x_wconf 92' lang='grc'><strong>12</strong></span> <span class='ocrx_word' id='word_1_10' title='bbox 833 769 952 826; x_wconf 78' lang='lat' dir='ltr'><strong>solidos.</strong></span> <span class='ocrx_word' id='word_1_11' title='bbox 991 768 1020 826; x_wconf 83' lang='lat'><strong>2.</strong></span> <span class='ocrx_word' id='word_1_12' title='bbox 1042 768 1125 827; x_wconf 80' lang='lat' dir='ltr'><strong>Haec</strong></span> <span class='ocrx_word' id='word_1_13' title='bbox 1145 772 1241 826; x_wconf 78' lang='lat' dir='ltr'><strong>munia</strong></span> <span class='ocrx_word' id='word_1_14' title='bbox 1262 774 1448 844; x_wconf 75' lang='lat' dir='ltr'><strong>compositio.</strong></span> 
     </span>
     <span class='ocr_line' id='line_1_3' title="bbox 340 858 1446 936; baseline 0.001 -20"><span class='ocrx_word' id='word_1_15' title='bbox 340 879 432 936; x_wconf 80' lang='lat' dir='ltr'><strong>qttom</strong></span> <span class='ocrx_word' id='word_1_16' title='bbox 452 860 529 916; x_wconf 80' lang='lat' dir='ltr'><strong>viris</strong></span> <span class='ocrx_word' id='word_1_17' title='bbox 548 859 1011 934; x_wconf 78' lang='lat' dir='ltr'><strong>indicavimue‚seminieeomtm</strong></span> <span class='ocrx_word' id='word_1_18' title='bbox 1030 858 1197 932; x_wconf 75' lang='lat' dir='ltr'><em>dupliciter</em></span> <span class='ocrx_word' id='word_1_19' title='bbox 1215 869 1446 932; x_wconf 80' lang='lat' dir='ltr'><em>componantur,</em></span> 
     </span>
     <span class='ocr_line' id='line_1_4' title="bbox 341 945 1446 1025; baseline -0.001 -19"><span class='ocrx_word' id='word_1_20' title='bbox 341 947 418 1006; x_wconf 83' lang='lat' dir='ltr'><strong>Mon.</strong></span> <span class='ocrx_word' id='word_1_21' title='bbox 449 947 483 1005; x_wconf 86' lang='lat' dir='ltr'><strong>G.</strong></span> <span class='ocrx_word' id='word_1_22' title='bbox 516 946 574 1004; x_wconf 90' lang='lat' dir='ltr'><strong>LL.</strong></span> <span class='ocrx_word' id='word_1_23' title='bbox 604 946 660 1007; x_wconf 92' lang='lat'><strong>111.</strong></span> <span class='ocrx_word' id='word_1_24' title='bbox 689 968 720 1024; x_wconf 90' lang='lat' dir='ltr'><strong>p.</strong></span> <span class='ocrx_word' id='word_1_25' title='bbox 755 945 820 1011; x_wconf 85' lang='grc'><strong>157,</strong></span> <span class='ocrx_word' id='word_1_26' title='bbox 845 955 875 1003; x_wconf 89' lang='lat' dir='ltr'><strong>et</strong></span> <span class='ocrx_word' id='word_1_27' title='bbox 892 947 979 1004; x_wconf 76' lang='lat' dir='ltr'><strong>uerba</strong></span> <span class='ocrx_word' id='word_1_28' title='bbox 1000 947 1101 1004; x_wconf 87' lang='lat' dir='ltr'><strong>eadem</strong></span> <span class='ocrx_word' id='word_1_29' title='bbox 1120 947 1258 1022; x_wconf 80' lang='lat' dir='ltr'><strong>leguntur</strong></span> <span class='ocrx_word' id='word_1_30' title='bbox 1277 948 1310 1003; x_wconf 89' lang='lat' dir='ltr'><strong>in</strong></span> <span class='ocrx_word' id='word_1_31' title='bbox 1330 947 1446 1025; x_wconf 79' lang='lat' dir='ltr'><strong>legibus</strong></span> 
     </span>
     <span class='ocr_line' id='line_1_5' title="bbox 340 1033 1446 1111; baseline 0.003 -18"><span class='ocrx_word' id='word_1_32' title='bbox 340 1037 434 1094; x_wconf 78' lang='lat' dir='ltr'><strong>Alam.</strong></span> <span class='ocrx_word' id='word_1_33' title='bbox 469 1035 609 1092; x_wconf 82' lang='lat' dir='ltr'><strong>illotharii</strong></span> <span class='ocrx_word' id='word_1_34' title='bbox 635 1044 663 1092; x_wconf 89' lang='lat' dir='ltr'><strong>et</strong></span> <span class='ocrx_word' id='word_1_35' title='bbox 693 1035 880 1092; x_wconf 68' lang='lat' dir='ltr'><strong>Leontini-l.</strong></span> <span class='ocrx_word' id='word_1_36' title='bbox 890 1035 911 1092; x_wconf 97' lang='grc'><strong>1.</strong></span> <span class='ocrx_word' id='word_1_37' title='bbox 933 1055 964 1110; x_wconf 90' lang='lat' dir='ltr'><strong>p.</strong></span> <span class='ocrx_word' id='word_1_38' title='bbox 985 1033 1023 1092; x_wconf 88' lang='grc'><strong>68</strong></span> <span class='ocrx_word' id='word_1_39' title='bbox 1041 1043 1070 1092; x_wconf 89' lang='lat' dir='ltr'><strong>et</strong></span> <span class='ocrx_word' id='word_1_40' title='bbox 1092 1034 1155 1093; x_wconf 93' lang='grc'><strong>109.</strong></span> <span class='ocrx_word' id='word_1_41' title='bbox 1195 1035 1285 1092; x_wconf 82' lang='lat' dir='ltr'>Tituli</span> <span class='ocrx_word' id='word_1_42' title='bbox 1304 1034 1381 1111; x_wconf 74' lang='lat' dir='ltr'><strong>illo.</strong></span> <span class='ocrx_word' id='word_1_43' title='bbox 1399 1035 1446 1096; x_wconf 79' lang='grc' dir='ltr'>Π</span> 
     </span>
     <span class='ocr_line' id='line_1_6' title="bbox 340 1123 1445 1201; baseline -0.001 -19"><span class='ocrx_word' id='word_1_44' title='bbox 340 1134 368 1182; x_wconf 91' lang='lat' dir='ltr'><strong>et</strong></span> <span class='ocrx_word' id='word_1_45' title='bbox 397 1124 424 1183; x_wconf 80' lang='lat' dir='ltr'><strong>V</strong></span> <span class='ocrx_word' id='word_1_46' title='bbox 453 1125 613 1182; x_wconf 75' lang='lat' dir='ltr'><strong>Additionis</strong></span> <span class='ocrx_word' id='word_1_47' title='bbox 640 1126 696 1201; x_wconf 78' lang='lat' dir='ltr'><strong>leg.</strong></span> <span class='ocrx_word' id='word_1_48' title='bbox 726 1123 798 1182; x_wconf 77' lang='lat' dir='ltr'><strong>Fris.</strong></span> <span class='ocrx_word' id='word_1_49' title='bbox 828 1124 927 1200; x_wconf 88' lang='lat' dir='ltr'><strong>scripti</strong></span> <span class='ocrx_word' id='word_1_50' title='bbox 956 1143 1015 1181; x_wconf 87' lang='lat' dir='ltr'><strong>esse</strong></span> <span class='ocrx_word' id='word_1_51' title='bbox 1047 1123 1181 1182; x_wconf 74' lang='lat' dir='ltr'><strong>videntur</strong></span> <span class='ocrx_word' id='word_1_52' title='bbox 1212 1125 1323 1181; x_wconf 87' lang='lat' dir='ltr'><strong>ratione</strong></span> <span class='ocrx_word' id='word_1_53' title='bbox 1341 1124 1445 1182; x_wconf 81' lang='lat' dir='ltr'><strong>habita</strong></span> 
     </span>
     <span class='ocr_line' id='line_1_7' title="bbox 340 1212 1446 1288; baseline 0.001 -17"><span class='ocrx_word' id='word_1_54' title='bbox 340 1215 505 1276; x_wconf 76' lang='lat' dir='ltr'><strong>verborum,</strong></span> <span class='ocrx_word' id='word_1_55' title='bbox 533 1232 607 1288; x_wconf 88' lang='lat' dir='ltr'><strong>qnae</strong></span> <span class='ocrx_word' id='word_1_56' title='bbox 634 1231 669 1270; x_wconf 85' lang='lat' dir='ltr'><strong>ex</strong></span> <span class='ocrx_word' id='word_1_57' title='bbox 699 1212 928 1270; x_wconf 76' lang='lat' dir='ltr'><strong>Alamannorum</strong></span> <span class='ocrx_word' id='word_1_58' title='bbox 956 1212 1018 1288; x_wconf 76' lang='lat' dir='ltr'><strong>lege</strong></span> <span class='ocrx_word' id='word_1_59' title='bbox 1037 1212 1142 1277; x_wconf 84' lang='lat' dir='ltr'><strong>attuli,</strong></span> <span class='ocrx_word' id='word_1_60' title='bbox 1161 1232 1221 1269; x_wconf 93' lang='lat' dir='ltr'><strong>non</strong></span> <span class='ocrx_word' id='word_1_61' title='bbox 1244 1232 1311 1271; x_wconf 79' lang='lat' dir='ltr'><strong>vero</strong></span> <span class='ocrx_word' id='word_1_62' title='bbox 1329 1214 1446 1279; x_wconf 81' lang='lat' dir='ltr'><strong>dubito,</strong></span> 
     </span>
     <span class='ocr_line' id='line_1_8' title="bbox 340 1301 1444 1380; baseline 0.001 -21"><span class='ocrx_word' id='word_1_63' title='bbox 340 1303 414 1379; x_wconf 91' lang='lat' dir='ltr'><strong>quin</strong></span> <span class='ocrx_word' id='word_1_64' title='bbox 443 1302 520 1359; x_wconf 91' lang='lat' dir='ltr'><strong>tituli</strong></span> <span class='ocrx_word' id='word_1_65' title='bbox 550 1301 710 1359; x_wconf 75' lang='lat' dir='ltr'><strong>Additionis</strong></span> <span class='ocrx_word' id='word_1_66' title='bbox 741 1302 779 1359; x_wconf 88' lang='lat' dir='ltr'><strong>ad</strong></span> <span class='ocrx_word' id='word_1_67' title='bbox 809 1301 929 1358; x_wconf 83' lang='lat' dir='ltr'><strong>Frisiam</strong></span> <span class='ocrx_word' id='word_1_68' title='bbox 959 1301 1101 1359; x_wconf 75' lang='lat' dir='ltr'><strong>attineant</strong></span> <span class='ocrx_word' id='word_1_69' title='bbox 1129 1310 1157 1359; x_wconf 92' lang='lat' dir='ltr'><strong>et</strong></span> <span class='ocrx_word' id='word_1_70' title='bbox 1177 1321 1208 1358; x_wconf 92' lang='lat' dir='ltr'><strong>re</strong></span> <span class='ocrx_word' id='word_1_71' title='bbox 1227 1321 1296 1359; x_wconf 81' lang='lat' dir='ltr'><strong>vera</strong></span> <span class='ocrx_word' id='word_1_72' title='bbox 1314 1303 1372 1360; x_wconf 86' lang='lat' dir='ltr'><strong>sint</strong></span> <span class='ocrx_word' id='word_1_73' title='bbox 1390 1323 1444 1380; x_wconf 80' lang='lat' dir='ltr'><strong>ge-</strong></span> 
     </span>
     <span class='ocr_line' id='line_1_9' title="bbox 339 1390 1443 1468; baseline -0.001 -19"><span class='ocrx_word' id='word_1_74' title='bbox 339 1393 443 1456; x_wconf 85' lang='lat' dir='ltr'><strong>nuina,</strong></span> <span class='ocrx_word' id='word_1_75' title='bbox 472 1410 547 1468; x_wconf 88' lang='lat' dir='ltr'><strong>quae</strong></span> <span class='ocrx_word' id='word_1_76' title='bbox 576 1391 674 1467; x_wconf 91' lang='lat' dir='ltr'><strong>opinio</strong></span> <span class='ocrx_word' id='word_1_77' title='bbox 704 1409 769 1448; x_wconf 85' lang='lat' dir='ltr'><strong>mea</strong></span> <span class='ocrx_word' id='word_1_78' title='bbox 795 1390 899 1448; x_wconf 81' lang='lat' dir='ltr'><strong>residet</strong></span> <span class='ocrx_word' id='word_1_79' title='bbox 929 1390 961 1446; x_wconf 92' lang='lat' dir='ltr'><strong>iu</strong></span> <span class='ocrx_word' id='word_1_80' title='bbox 980 1390 1045 1447; x_wconf 91' lang='lat' dir='ltr'><strong>iure</strong></span> <span class='ocrx_word' id='word_1_81' title='bbox 1065 1390 1225 1456; x_wconf 83' lang='lat' dir='ltr'><strong>titulorum,</strong></span> <span class='ocrx_word' id='word_1_82' title='bbox 1251 1391 1330 1466; x_wconf 90' lang='lat' dir='ltr'><strong>quod</strong></span> <span class='ocrx_word' id='word_1_83' title='bbox 1359 1391 1443 1449; x_wconf 87' lang='lat' dir='ltr'><strong>nullo</strong></span> 
     </span>
     <span class='ocr_line' id='line_1_10' title="bbox 340 1479 1076 1556; baseline -0.001 -18"><span class='ocrx_word' id='word_1_84' title='bbox 340 1481 425 1538; x_wconf 89' lang='lat' dir='ltr'><strong>modo</strong></span> <span class='ocrx_word' id='word_1_85' title='bbox 445 1499 479 1538; x_wconf 89' lang='lat' dir='ltr'><strong>ex</strong></span> <span class='ocrx_word' id='word_1_86' title='bbox 499 1480 561 1556; x_wconf 79' lang='lat' dir='ltr'><strong>lege</strong></span> <span class='ocrx_word' id='word_1_87' title='bbox 580 1480 809 1537; x_wconf 76' lang='lat' dir='ltr'><strong>Alamannorum</strong></span> <span class='ocrx_word' id='word_1_88' title='bbox 830 1479 1004 1555; x_wconf 81' lang='lat' dir='ltr'><strong>descriptum</strong></span> <span class='ocrx_word' id='word_1_89' title='bbox 1024 1488 1076 1538; x_wconf 89' lang='lat' dir='ltr'><strong>est.</strong></span> 
     </span>
    </p>

    <p class='ocr_par' dir='ltr' id='par_1_3' title="bbox 333 1568 1443 2797">
     <span class='ocr_line' id='line_1_11' title="bbox 382 1568 1443 1644; baseline 0 -18"><span class='ocrx_word' id='word_1_90' title='bbox 382 1569 413 1606; x_wconf 72' lang='lat'><strong>⁴⁹</strong></span> <span class='ocrx_word' id='word_1_91' title='bbox 455 1569 492 1626; x_wconf 93' lang='lat' dir='ltr'><strong>In</strong></span> <span class='ocrx_word' id='word_1_92' title='bbox 523 1569 606 1626; x_wconf 86' lang='lat' dir='ltr'><strong>titulo</strong></span> <span class='ocrx_word' id='word_1_93' title='bbox 637 1568 679 1627; x_wconf 81' lang='lat' dir='ltr'><strong>lv</strong></span> <span class='ocrx_word' id='word_1_94' title='bbox 707 1568 868 1626; x_wconf 73' lang='lat' dir='ltr'><strong>Additionis</strong></span> <span class='ocrx_word' id='word_1_95' title='bbox 888 1577 1018 1625; x_wconf 86' lang='lat' dir='ltr'><strong>sanctum</strong></span> <span class='ocrx_word' id='word_1_96' title='bbox 1037 1578 1090 1632; x_wconf 85' lang='lat' dir='ltr'><strong>est,</strong></span> <span class='ocrx_word' id='word_1_97' title='bbox 1109 1578 1142 1626; x_wconf 88' lang='lat' dir='ltr'><strong>ut</strong></span> <span class='ocrx_word' id='word_1_98' title='bbox 1162 1568 1240 1644; x_wconf 88' lang='lat' dir='ltr'><strong>»qui</strong></span> <span class='ocrx_word' id='word_1_99' title='bbox 1260 1569 1384 1626; x_wconf 90' lang='lat' dir='ltr'><strong>alterum</strong></span> <span class='ocrx_word' id='word_1_100' title='bbox 1404 1569 1443 1626; x_wconf 93' lang='lat' dir='ltr'><strong>de</strong></span> 
     </span>
     <span class='ocr_line' id='line_1_12' title="bbox 338 1657 1443 1734; baseline -0.002 -16"><span class='ocrx_word' id='word_1_101' title='bbox 338 1659 450 1718; x_wconf 85' lang='lat' dir='ltr'><strong>caballo</strong></span> <span class='ocrx_word' id='word_1_102' title='bbox 480 1658 660 1722; x_wconf 77' lang='lat' dir='ltr'><strong>iactaverit-&#39;’‚</strong></span> <span class='ocrx_word' id='word_1_103' title='bbox 689 1657 815 1714; x_wconf 92' lang='lat' dir='ltr'><strong>solidum</strong></span> <span class='ocrx_word' id='word_1_104' title='bbox 844 1657 999 1713; x_wconf 90' lang='lat' dir='ltr'><strong>dimidium</strong></span> <span class='ocrx_word' id='word_1_105' title='bbox 1028 1658 1130 1722; x_wconf 82' lang='lat' dir='ltr'><strong>solvat,</strong></span> <span class='ocrx_word' id='word_1_106' title='bbox 1162 1677 1220 1734; x_wconf 89' lang='lat' dir='ltr'><strong>qua</strong></span> <span class='ocrx_word' id='word_1_107' title='bbox 1238 1676 1331 1733; x_wconf 88' lang='lat' dir='ltr'><strong>poena</strong></span> <span class='ocrx_word' id='word_1_108' title='bbox 1351 1658 1443 1716; x_wconf 87' lang='lat' dir='ltr'><strong>etiam</strong></span> 
     </span>
     <span class='ocr_line' id='line_1_13' title="bbox 339 1745 1443 1823; baseline -0.003 -18"><span class='ocrx_word' id='word_1_109' title='bbox 339 1747 525 1806; x_wconf 85' lang='lat' dir='ltr'><strong>mulctandus</strong></span> <span class='ocrx_word' id='word_1_110' title='bbox 556 1745 603 1811; x_wconf 84' lang='lat' dir='ltr'><strong>sit,</strong></span> <span class='ocrx_word' id='word_1_111' title='bbox 634 1746 713 1821; x_wconf 81' lang='lat' dir='ltr'><strong>»qui</strong></span> <span class='ocrx_word' id='word_1_112' title='bbox 740 1746 865 1802; x_wconf 87' lang='lat' dir='ltr'><strong>alterum</strong></span> <span class='ocrx_word' id='word_1_113' title='bbox 897 1763 963 1801; x_wconf 89' lang='lat' dir='ltr'><strong>oum</strong></span> <span class='ocrx_word' id='word_1_114' title='bbox 985 1747 1060 1803; x_wconf 87' lang='lat' dir='ltr'><strong>fuste</strong></span> <span class='ocrx_word' id='word_1_115' title='bbox 1078 1747 1291 1823; x_wconf 80' lang='lat' dir='ltr'><strong>percussisset’.</strong></span> <span class='ocrx_word' id='word_1_116' title='bbox 1332 1745 1443 1804; x_wconf 79' lang='lat' dir='ltr'><strong>Malata</strong></span> 
     </span>
     <span class='ocr_line' id='line_1_14' title="bbox 338 1834 1443 1910; baseline -0.001 -15"><span class='ocrx_word' id='word_1_117' title='bbox 338 1837 422 1896; x_wconf 90' lang='lat' dir='ltr'><strong>solidi</strong></span> <span class='ocrx_word' id='word_1_118' title='bbox 451 1835 576 1899; x_wconf 80' lang='lat' dir='ltr'><strong>dimidii,</strong></span> <span class='ocrx_word' id='word_1_119' title='bbox 608 1836 661 1891; x_wconf 89' lang='lat' dir='ltr'><strong>hoc</strong></span> <span class='ocrx_word' id='word_1_120' title='bbox 691 1835 722 1890; x_wconf 93' lang='lat' dir='ltr'><strong>in</strong></span> <span class='ocrx_word' id='word_1_121' title='bbox 749 1834 811 1891; x_wconf 93' lang='lat' dir='ltr'><strong>loco</strong></span> <span class='ocrx_word' id='word_1_122' title='bbox 836 1843 1070 1900; x_wconf 86' lang='lat' dir='ltr'><strong>commemorata,</strong></span> <span class='ocrx_word' id='word_1_123' title='bbox 1098 1836 1267 1893; x_wconf 87' lang='lat' dir='ltr'><strong>auctoritate</strong></span> <span class='ocrx_word' id='word_1_124' title='bbox 1286 1835 1443 1910; x_wconf 88' lang='lat' dir='ltr'><strong>capituli3</strong></span> 
     </span>
     <span class='ocr_line' id='line_1_15' title="bbox 337 1923 1443 2000; baseline -0.002 -16"><span class='ocrx_word' id='word_1_125' title='bbox 337 1927 416 1984; x_wconf 90' lang='lat' dir='ltr'><strong>tituli</strong></span> <span class='ocrx_word' id='word_1_126' title='bbox 444 1923 526 1982; x_wconf 84' lang='lat' dir='ltr'>XXII</span> <span class='ocrx_word' id='word_1_127' title='bbox 554 1923 625 2000; x_wconf 76' lang='lat' dir='ltr'><strong>legis</strong></span> <span class='ocrx_word' id='word_1_128' title='bbox 652 1923 725 1984; x_wconf 79' lang='lat' dir='ltr'><strong>Fris.</strong></span> <span class='ocrx_word' id='word_1_129' title='bbox 754 1924 936 1987; x_wconf 77' lang='lat' dir='ltr'><strong>solvebatur3</strong></span> <span class='ocrx_word' id='word_1_130' title='bbox 967 1925 1049 1980; x_wconf 90' lang='lat' dir='ltr'><strong>cuius</strong></span> <span class='ocrx_word' id='word_1_131' title='bbox 1076 1926 1187 1982; x_wconf 35' lang='lat' dir='ltr'><strong>*verbus</strong></span> <span class='ocrx_word' id='word_1_132' title='bbox 1209 1927 1237 1980; x_wconf 86' lang='lat' dir='ltr'><strong>ei</strong></span> <span class='ocrx_word' id='word_1_133' title='bbox 1254 1927 1323 2000; x_wconf 80' lang='lat' dir='ltr'><strong>qnia</strong></span> <span class='ocrx_word' id='word_1_134' title='bbox 1340 1927 1443 1983; x_wconf 75' lang='lat' dir='ltr'><strong>alitem</strong></span> 
     </span>
     <span class='ocr_line' id='line_1_16' title="bbox 337 2011 1443 2088; baseline -0.003 -15"><span class='ocrx_word' id='word_1_135' title='bbox 337 2019 385 2074; x_wconf 85' lang='lat' dir='ltr'><strong>ita</strong></span> <span class='ocrx_word' id='word_1_136' title='bbox 404 2014 598 2088; x_wconf 65' lang='lat' dir='ltr'><strong>peruenerit.</strong></span> <span class='ocrx_word' id='word_1_137' title='bbox 620 2012 701 2088; x_wconf 81' lang='lat' dir='ltr'><strong>quod</strong></span> <span class='ocrx_word' id='word_1_138' title='bbox 717 2011 856 2086; x_wconf 76' lang='lat' dir='ltr'><strong>detrelepi</strong></span> <span class='ocrx_word' id='word_1_139' title='bbox 874 2020 990 2076; x_wconf 78' lang='lat' dir='ltr'><strong>vocant,</strong></span> <span class='ocrx_word' id='word_1_140' title='bbox 1011 2013 1181 2069; x_wconf 82' lang='lat' dir='ltr'><strong>dimidium</strong></span> <span class='ocrx_word' id='word_1_141' title='bbox 1207 2013 1337 2070; x_wconf 85' lang='lat' dir='ltr'><strong>solidum</strong></span> <span class='ocrx_word' id='word_1_142' title='bbox 1363 2032 1443 2070; x_wconf 89' lang='lat' dir='ltr'><strong>com-</strong></span> 
     </span>
     <span class='ocr_line' id='line_1_17' title="bbox 333 2099 1443 2182; baseline -0.003 -21"><span class='ocrx_word' id='word_1_143' title='bbox 333 2112 441 2182; x_wconf 80' lang='lat' dir='ltr'><strong>ponat,</strong></span> <span class='ocrx_word' id='word_1_144' title='bbox 470 2100 595 2178; x_wconf 85' lang='lat' dir='ltr'><strong>capitulo</strong></span> <span class='ocrx_word' id='word_1_145' title='bbox 626 2099 664 2156; x_wconf 77' lang='grc'><strong>12</strong></span> <span class='ocrx_word' id='word_1_146' title='bbox 693 2100 771 2157; x_wconf 93' lang='lat' dir='ltr'><strong>tituli</strong></span> <span class='ocrx_word' id='word_1_147' title='bbox 792 2099 854 2157; x_wconf 89' lang='lat' dir='ltr'><strong>IIIa</strong></span> <span class='ocrx_word' id='word_1_148' title='bbox 885 2100 1045 2158; x_wconf 75' lang='lat' dir='ltr'><strong>Additionis</strong></span> <span class='ocrx_word' id='word_1_149' title='bbox 1064 2101 1259 2165; x_wconf 86' lang='lat' dir='ltr'><strong>illustrantur.</strong></span> <span class='ocrx_word' id='word_1_150' title='bbox 1278 2100 1356 2177; x_wconf 90' lang='lat' dir='ltr'><strong>quod</strong></span> <span class='ocrx_word' id='word_1_151' title='bbox 1373 2119 1443 2158; x_wconf 91' lang='lat' dir='ltr'><strong>oon-</strong></span> 
     </span>
     <span class='ocr_line' id='line_1_18' title="bbox 337 2189 1443 2266; baseline -0.004 -16"><span class='ocrx_word' id='word_1_152' title='bbox 337 2193 442 2256; x_wconf 76' lang='lat' dir='ltr'><strong>stitnit,</strong></span> <span class='ocrx_word' id='word_1_153' title='bbox 468 2198 500 2247; x_wconf 91' lang='lat' dir='ltr'><strong>ut</strong></span> <span class='ocrx_word' id='word_1_154' title='bbox 529 2190 608 2265; x_wconf 87' lang='lat' dir='ltr'><strong>»qui</strong></span> <span class='ocrx_word' id='word_1_155' title='bbox 638 2189 731 2245; x_wconf 88' lang='lat' dir='ltr'><strong>alium</strong></span> <span class='ocrx_word' id='word_1_156' title='bbox 759 2189 833 2245; x_wconf 87' lang='lat' dir='ltr'><strong>fuste</strong></span> <span class='ocrx_word' id='word_1_157' title='bbox 853 2189 893 2246; x_wconf 90' lang='lat' dir='ltr'><strong>ita</strong></span> <span class='ocrx_word' id='word_1_158' title='bbox 916 2189 1103 2266; x_wconf 83' lang='lat' dir='ltr'><strong>percusserit,</strong></span> <span class='ocrx_word' id='word_1_159' title='bbox 1121 2198 1154 2246; x_wconf 91' lang='lat' dir='ltr'><strong>ut</strong></span> <span class='ocrx_word' id='word_1_160' title='bbox 1173 2189 1295 2246; x_wconf 80' lang='lat' dir='ltr'><strong>lividum</strong></span> <span class='ocrx_word' id='word_1_161' title='bbox 1314 2189 1378 2254; x_wconf 86' lang='lat' dir='ltr'><strong>fiat,</strong></span> <span class='ocrx_word' id='word_1_162' title='bbox 1397 2198 1443 2246; x_wconf 88' lang='lat' dir='ltr'><strong>ter</strong></span> 
     </span>
     <span class='ocr_line' id='line_1_19' title="bbox 337 2277 1442 2354; baseline -0.005 -14"><span class='ocrx_word' id='word_1_163' title='bbox 337 2282 463 2340; x_wconf 85' lang='lat' dir='ltr'><strong>solidum</strong></span> <span class='ocrx_word' id='word_1_164' title='bbox 494 2287 522 2336; x_wconf 89' lang='lat' dir='ltr'><strong>et</strong></span> <span class='ocrx_word' id='word_1_165' title='bbox 554 2277 697 2335; x_wconf 76' lang='lat' dir='ltr'><strong>semissem</strong></span> <span class='ocrx_word' id='word_1_166' title='bbox 729 2284 913 2354; x_wconf 87' lang='lat' dir='ltr'><strong>componat”.</strong></span> <span class='ocrx_word' id='word_1_167' title='bbox 960 2277 1069 2335; x_wconf 79' lang='lat' dir='ltr'><strong>Mulcta</strong></span> <span class='ocrx_word' id='word_1_168' title='bbox 1098 2277 1194 2334; x_wconf 79' lang='lat' dir='ltr'><strong>delicti</strong></span> <span class='ocrx_word' id='word_1_169' title='bbox 1222 2279 1299 2336; x_wconf 87' lang='lat' dir='ltr'><strong>citati</strong></span> <span class='ocrx_word' id='word_1_170' title='bbox 1318 2278 1442 2354; x_wconf 88' lang='lat' dir='ltr'><strong>antiqua</strong></span> 
     </span>
     <span class='ocr_line' id='line_1_20' title="bbox 336 2366 1442 2442; baseline -0.003 -15"><span class='ocrx_word' id='word_1_171' title='bbox 336 2371 368 2427; x_wconf 90' lang='lat' dir='ltr'><strong>in</strong></span> <span class='ocrx_word' id='word_1_172' title='bbox 396 2368 479 2426; x_wconf 91' lang='lat' dir='ltr'><strong>titulo</strong></span> <span class='ocrx_word' id='word_1_173' title='bbox 509 2366 550 2425; x_wconf 82' lang='lat' dir='ltr'><strong>iv</strong></span> <span class='ocrx_word' id='word_1_174' title='bbox 580 2366 742 2424; x_wconf 75' lang='lat' dir='ltr'><strong>additionis</strong></span> <span class='ocrx_word' id='word_1_175' title='bbox 770 2386 829 2423; x_wconf 90' lang='lat' dir='ltr'><strong>non</strong></span> <span class='ocrx_word' id='word_1_176' title='bbox 862 2376 904 2423; x_wconf 87' lang='lat' dir='ltr'><strong>ter</strong></span> <span class='ocrx_word' id='word_1_177' title='bbox 931 2375 1047 2442; x_wconf 86' lang='lat' dir='ltr'><strong>sumpta</strong></span> <span class='ocrx_word' id='word_1_178' title='bbox 1075 2375 1127 2432; x_wconf 80' lang='lat' dir='ltr'><strong>est,</strong></span> <span class='ocrx_word' id='word_1_179' title='bbox 1148 2386 1241 2442; x_wconf 90' lang='lat' dir='ltr'><strong>neque</strong></span> <span class='ocrx_word' id='word_1_180' title='bbox 1261 2376 1358 2424; x_wconf 89' lang='lat' dir='ltr'><strong>tamen</strong></span> <span class='ocrx_word' id='word_1_181' title='bbox 1379 2368 1442 2425; x_wconf 80' lang='lat' dir='ltr'><strong>viro</strong></span> 
     </span>
     <span class='ocr_line' id='line_1_21' title="bbox 337 2455 1442 2532; baseline -0.002 -16"><span class='ocrx_word' id='word_1_182' title='bbox 337 2461 419 2517; x_wconf 89' lang='lat' dir='ltr'><strong>docto</strong></span> <span class='ocrx_word' id='word_1_183' title='bbox 437 2457 540 2517; x_wconf 87' lang='lat' dir='ltr'><strong>Wilda</strong></span> <span class='ocrx_word' id='word_1_184' title='bbox 559 2455 663 2514; x_wconf 86' lang='lat' dir='ltr'><strong>Strafr.</strong></span> <span class='ocrx_word' id='word_1_185' title='bbox 685 2477 715 2532; x_wconf 92' lang='lat' dir='ltr'><strong>p.</strong></span> <span class='ocrx_word' id='word_1_186' title='bbox 734 2455 792 2514; x_wconf 85' lang='lat'><strong>780</strong></span> <span class='ocrx_word' id='word_1_187' title='bbox 811 2456 975 2521; x_wconf 85' lang='lat' dir='ltr'><strong>assentiam,</strong></span> <span class='ocrx_word' id='word_1_188' title='bbox 994 2457 1046 2531; x_wconf 91' lang='lat' dir='ltr'><strong>qui</strong></span> <span class='ocrx_word' id='word_1_189' title='bbox 1066 2475 1129 2512; x_wconf 88' lang='lat' dir='ltr'><strong>eam</strong></span> <span class='ocrx_word' id='word_1_190' title='bbox 1149 2457 1276 2532; x_wconf 86' lang='lat' dir='ltr'><strong>appellat</strong></span> <span class='ocrx_word' id='word_1_191' title='bbox 1295 2459 1442 2530; x_wconf 85' lang='lat' dir='ltr'><strong>eineauf-</strong></span> 
     </span>
     <span class='ocr_line' id='line_1_22' title="bbox 338 2544 1442 2621; baseline -0.003 -16"><span class='ocrx_word' id='word_1_192' title='bbox 338 2548 457 2616; x_wconf 77' lang='lat' dir='ltr'><strong>fallend</strong></span> <span class='ocrx_word' id='word_1_193' title='bbox 484 2545 624 2619; x_wconf 74' lang='lat' dir='ltr'><strong>niedtige</strong></span> <span class='ocrx_word' id='word_1_194' title='bbox 654 2544 760 2609; x_wconf 76' lang='lat' dir='ltr'><strong>Batnae,</strong></span> <span class='ocrx_word' id='word_1_195' title='bbox 779 2545 836 2600; x_wconf 87' lang='lat' dir='ltr'><strong>alia</strong></span> <span class='ocrx_word' id='word_1_196' title='bbox 855 2545 934 2600; x_wconf 88' lang='lat' dir='ltr'><strong>enim</strong></span> <span class='ocrx_word' id='word_1_197' title='bbox 953 2553 1020 2601; x_wconf 90' lang='lat' dir='ltr'><strong>sunt</strong></span> <span class='ocrx_word' id='word_1_198' title='bbox 1040 2544 1155 2610; x_wconf 81' lang='lat' dir='ltr'><strong>delicta,</strong></span> <span class='ocrx_word' id='word_1_199' title='bbox 1173 2565 1297 2621; x_wconf 90' lang='lat' dir='ltr'><strong>quorum</strong></span> <span class='ocrx_word' id='word_1_200' title='bbox 1317 2545 1442 2602; x_wconf 81' lang='lat' dir='ltr'><strong>mulctas</strong></span> 
     </span>
     <span class='ocr_line' id='line_1_23' title="bbox 336 2625 1441 2712; baseline -0.003 -18"><span class='ocrx_word' id='word_1_201' title='bbox 336 2654 371 2695; x_wconf 87' lang='lat' dir='ltr'><strong>ex</strong></span> <span class='ocrx_word' id='word_1_202' title='bbox 390 2637 453 2712; x_wconf 76' lang='lat' dir='ltr'><strong>lege</strong></span> <span class='ocrx_word' id='word_1_203' title='bbox 472 2634 570 2690; x_wconf 72' lang='lat' dir='ltr'><strong>Alam.</strong></span> <span class='ocrx_word' id='word_1_204' title='bbox 583 2631 690 2691; x_wconf 82' lang='lat' dir='ltr'><strong>LXVII</strong></span> <span class='ocrx_word' id='word_1_205' title='bbox 711 2641 738 2689; x_wconf 92' lang='lat' dir='ltr'><strong>et</strong></span> <span class='ocrx_word' id='word_1_206' title='bbox 758 2632 858 2689; x_wconf 81' lang='lat' dir='ltr'><strong>Edicto</strong></span> <span class='ocrx_word' id='word_1_207' title='bbox 877 2625 1010 2689; x_wconf 82' lang='lat' dir='ltr'><strong>liolbaris</strong></span> <span class='ocrx_word' id='word_1_208' title='bbox 1030 2631 1110 2689; x_wconf 86' lang='lat' dir='ltr'><strong>XXX</strong></span> <span class='ocrx_word' id='word_1_209' title='bbox 1128 2634 1161 2690; x_wconf 94' lang='lat' dir='ltr'><strong>in</strong></span> <span class='ocrx_word' id='word_1_210' title='bbox 1183 2633 1218 2690; x_wconf 84' lang='lat'><strong>12</strong></span> <span class='ocrx_word' id='word_1_211' title='bbox 1237 2643 1265 2690; x_wconf 92' lang='lat' dir='ltr'><strong>et</strong></span> <span class='ocrx_word' id='word_1_212' title='bbox 1283 2632 1322 2691; x_wconf 86' lang='lat'><strong>80</strong></span> <span class='ocrx_word' id='word_1_213' title='bbox 1331 2633 1441 2691; x_wconf 86' lang='lat' dir='ltr'><strong>solidos</strong></span> 
     </span>
     <span class='ocr_line' id='line_1_24' title="bbox 336 2720 1365 2797; baseline -0.005 -13"><span class='ocrx_word' id='word_1_214' title='bbox 336 2725 512 2787; x_wconf 82' lang='lat' dir='ltr'><strong>constitutas,</strong></span> <span class='ocrx_word' id='word_1_215' title='bbox 532 2720 631 2778; x_wconf 81' lang='lat' dir='ltr'><strong>Wilda</strong></span> <span class='ocrx_word' id='word_1_216' title='bbox 650 2721 746 2787; x_wconf 81' lang='lat' dir='ltr'><strong>affert,</strong></span> <span class='ocrx_word' id='word_1_217' title='bbox 764 2721 821 2778; x_wconf 88' lang='lat' dir='ltr'><strong>alia</strong></span> <span class='ocrx_word' id='word_1_218' title='bbox 841 2721 966 2797; x_wconf 91' lang='lat' dir='ltr'><strong>quaein</strong></span> <span class='ocrx_word' id='word_1_219' title='bbox 986 2721 1047 2797; x_wconf 79' lang='lat' dir='ltr'><strong>lege</strong></span> <span class='ocrx_word' id='word_1_220' title='bbox 1067 2721 1174 2778; x_wconf 80' lang='lat' dir='ltr'><strong>Frisioa</strong></span> <span class='ocrx_word' id='word_1_221' title='bbox 1193 2731 1365 2780; x_wconf 78' lang='lat' dir='ltr'><strong>tractantur.</strong></span> 
     </span>
    </p>

    <p class='ocr_par' dir='ltr' id='par_1_4' title="bbox 378 2809 1325 2877">
     <span class='ocr_line' id='line_1_25' title="bbox 378 2809 1325 2877; baseline 0.001 -9"><span class='ocrx_word' id='word_1_222' title='bbox 378 2814 409 2849; x_wconf 85' lang='lat'><strong>⁵⁰</strong></span> <span class='ocrx_word' id='word_1_223' title='bbox 452 2810 556 2868; x_wconf 82' lang='lat' dir='ltr'><strong>lierold</strong></span> <span class='ocrx_word' id='word_1_224' title='bbox 578 2809 641 2869; x_wconf 83' lang='lat' dir='ltr'><strong>Tit.</strong></span> <span class='ocrx_word' id='word_1_225' title='bbox 662 2809 697 2866; x_wconf 88' lang='lat' dir='ltr'><em>V</em></span> <span class='ocrx_word' id='word_1_226' title='bbox 694 2830 707 2877; x_wconf 91' lang='lat'><em>;</em></span> <span class='ocrx_word' id='word_1_227' title='bbox 735 2810 783 2868; x_wconf 90' lang='lat' dir='ltr'><strong>ed.</strong></span> <span class='ocrx_word' id='word_1_228' title='bbox 802 2811 951 2868; x_wconf 86' lang='lat' dir='ltr'><strong>recentior.</strong></span> <span class='ocrx_word' id='word_1_229' title='bbox 973 2809 1036 2867; x_wconf 75' lang='lat' dir='ltr'><strong>Tit.</strong></span> <span class='ocrx_word' id='word_1_230' title='bbox 1058 2809 1122 2874; x_wconf 85' lang='lat' dir='ltr'><strong>VI,</strong></span> <span class='ocrx_word' id='word_1_231' title='bbox 1141 2811 1178 2869; x_wconf 85' lang='lat' dir='ltr'><strong>ci.</strong></span> <span class='ocrx_word' id='word_1_232' title='bbox 1199 2820 1257 2868; x_wconf 92' lang='lat' dir='ltr'><strong>not.</strong></span> <span class='ocrx_word' id='word_1_233' title='bbox 1277 2810 1325 2870; x_wconf 72' lang='lat'><strong>45.</strong></span> 
     </span>
    </p>

    <p class='ocr_par' dir='ltr' id='par_1_5' title="bbox 337 2898 1442 3155">
     <span class='ocr_line' id='line_1_26' title="bbox 378 2898 1442 2976; baseline -0.001 -18"><span class='ocrx_word' id='word_1_234' title='bbox 378 2902 410 2939; x_wconf 80' lang='lat'><strong>⁵¹</strong></span> <span class='ocrx_word' id='word_1_235' title='bbox 453 2899 625 2958; x_wconf 84' lang='lat' dir='ltr'><strong>Testimonio</strong></span> <span class='ocrx_word' id='word_1_236' title='bbox 644 2899 721 2956; x_wconf 90' lang='lat' dir='ltr'><strong>tituli</strong></span> <span class='ocrx_word' id='word_1_237' title='bbox 739 2898 766 2957; x_wconf 80' lang='lat' dir='ltr'><strong>V</strong></span> <span class='ocrx_word' id='word_1_238' title='bbox 786 2899 947 2956; x_wconf 71' lang='lat' dir='ltr'><strong>additionis</strong></span> <span class='ocrx_word' id='word_1_239' title='bbox 967 2899 1036 2975; x_wconf 87' lang='lat' dir='ltr'><strong>Sap.</strong></span> <span class='ocrx_word' id='word_1_240' title='bbox 1055 2908 1182 2976; x_wconf 86' lang='lat' dir='ltr'><strong>tempore</strong></span> <span class='ocrx_word' id='word_1_241' title='bbox 1200 2901 1337 2958; x_wconf 69' lang='lat' dir='ltr'><strong>veterein</strong></span> <span class='ocrx_word' id='word_1_242' title='bbox 1347 2900 1442 2957; x_wconf 75' lang='lat' dir='ltr'><strong>Frisia</strong></span> 
     </span>
     <span class='ocr_line' id='line_1_27' title="bbox 337 2987 1441 3064; baseline -0.004 -14"><span class='ocrx_word' id='word_1_243' title='bbox 337 2992 433 3050; x_wconf 87' lang='lat' dir='ltr'><strong>media</strong></span> <span class='ocrx_word' id='word_1_244' title='bbox 459 2987 617 3064; x_wconf 78' lang='lat' dir='ltr'><strong>weregelda</strong></span> <span class='ocrx_word' id='word_1_245' title='bbox 647 2989 775 3046; x_wconf 76' lang='lat' dir='ltr'><strong>virorum</strong></span> <span class='ocrx_word' id='word_1_246' title='bbox 794 3007 828 3044; x_wconf 88' lang='lat' dir='ltr'><strong>ac</strong></span> <span class='ocrx_word' id='word_1_247' title='bbox 847 2989 1003 3045; x_wconf 87' lang='lat' dir='ltr'><strong>mulierum</strong></span> <span class='ocrx_word' id='word_1_248' title='bbox 1023 2989 1098 3046; x_wconf 90' lang='lat' dir='ltr'><strong>inter</strong></span> <span class='ocrx_word' id='word_1_249' title='bbox 1118 3009 1147 3046; x_wconf 91' lang='lat' dir='ltr'><strong>se</strong></span> <span class='ocrx_word' id='word_1_250' title='bbox 1167 3009 1225 3046; x_wconf 92' lang='lat' dir='ltr'><strong>non</strong></span> <span class='ocrx_word' id='word_1_251' title='bbox 1246 2989 1441 3059; x_wconf 84' lang='lat' dir='ltr'><strong>differebant;</strong></span> 
     </span>
     <span class='ocr_line' id='line_1_28' title="bbox 337 3075 1440 3155; baseline 0.001 -17"><span class='ocrx_word' id='word_1_252' title='bbox 337 3091 464 3155; x_wconf 88' lang='lat' dir='ltr'><strong>tempore</strong></span> <span class='ocrx_word' id='word_1_253' title='bbox 494 3075 651 3133; x_wconf 83' lang='lat' dir='ltr'><strong>recentiore</strong></span> <span class='ocrx_word' id='word_1_254' title='bbox 680 3077 872 3153; x_wconf 78' lang='lat' dir='ltr'><strong>weregeldum</strong></span> <span class='ocrx_word' id='word_1_255' title='bbox 903 3077 1033 3134; x_wconf 87' lang='lat' dir='ltr'><strong>mulieris</strong></span> <span class='ocrx_word' id='word_1_256' title='bbox 1062 3079 1093 3134; x_wconf 91' lang='lat' dir='ltr'><strong>in</strong></span> <span class='ocrx_word' id='word_1_257' title='bbox 1123 3078 1215 3134; x_wconf 81' lang='lat' dir='ltr'><strong>Frisia</strong></span> <span class='ocrx_word' id='word_1_258' title='bbox 1237 3079 1335 3135; x_wconf 91' lang='lat' dir='ltr'><strong>media</strong></span> <span class='ocrx_word' id='word_1_259' title='bbox 1353 3084 1440 3139; x_wconf 87' lang='lat' dir='ltr'><strong>tertia</strong></span> 
     </span>
    </p>
   </div>
   <div class='ocr_carea' id='block_1_3' title="bbox 336 3163 1560 3247">
    <p class='ocr_par' dir='ltr' id='par_1_6' title="bbox 336 3163 1560 3247">
     <span class='ocr_line' id='line_1_29' title="bbox 336 3163 1560 3247; baseline 0.002 -21"><span class='ocrx_word' id='word_1_260' title='bbox 336 3177 429 3247; x_wconf 85' lang='lat' dir='ltr'><strong>parte,</strong></span> <span class='ocrx_word' id='word_1_261' title='bbox 456 3167 486 3222; x_wconf 94' lang='lat' dir='ltr'><strong>in</strong></span> <span class='ocrx_word' id='word_1_262' title='bbox 516 3163 609 3221; x_wconf 78' lang='lat' dir='ltr'><strong>Frisia</strong></span> <span class='ocrx_word' id='word_1_263' title='bbox 632 3165 766 3221; x_wconf 86' lang='lat' dir='ltr'><strong>orientali</strong></span> <span class='ocrx_word' id='word_1_264' title='bbox 786 3174 881 3222; x_wconf 88' lang='lat' dir='ltr'><strong>autem</strong></span> <span class='ocrx_word' id='word_1_265' title='bbox 902 3166 1023 3222; x_wconf 88' lang='lat' dir='ltr'><strong>dimidia</strong></span> <span class='ocrx_word' id='word_1_266' title='bbox 1042 3175 1122 3243; x_wconf 76' lang='lat' dir='ltr'><strong>parte</strong></span> <span class='ocrx_word' id='word_1_267' title='bbox 1144 3168 1237 3224; x_wconf 86' lang='lat' dir='ltr'><strong>maior</strong></span> <span class='ocrx_word' id='word_1_268' title='bbox 1255 3178 1335 3236; x_wconf 65' lang='lat' dir='ltr'><strong>erate</strong></span> <span class='ocrx_word' id='word_1_269' title='bbox 1355 3171 1439 3231; x_wconf 83' lang='lat' dir='ltr'><strong>vide:</strong></span> <span class='ocrx_word' id='word_1_270' title='bbox 1559 3203 1560 3235; x_wconf 48' lang='lat' dir='ltr'><strong>i</strong></span> 
     </span>
    </p>
   </div>
   <div class='ocr_carea' id='block_1_4' title="bbox 335 3255 1441 3420">
    <p class='ocr_par' dir='ltr' id='par_1_7' title="bbox 335 3255 1441 3420">
     <span class='ocr_line' id='line_1_30' title="bbox 337 3255 1441 3331; baseline 0.002 -15"><span class='ocrx_word' id='word_1_271' title='bbox 337 3260 454 3316; x_wconf 77' lang='lat' dir='ltr'><strong>lewereo</strong></span> <span class='ocrx_word' id='word_1_272' title='bbox 482 3274 533 3312; x_wconf 88' lang='lat' dir='ltr'><strong>ma</strong></span> <span class='ocrx_word' id='word_1_273' title='bbox 562 3255 667 3330; x_wconf 78' lang='lat' dir='ltr'><strong>dulpet</strong></span> <span class='ocrx_word' id='word_1_274' title='bbox 698 3273 748 3311; x_wconf 89' lang='lat' dir='ltr'><strong>ene</strong></span> <span class='ocrx_word' id='word_1_275' title='bbox 768 3259 887 3328; x_wconf 77' lang='lat' dir='ltr'><strong>frona,</strong></span> <span class='ocrx_word' id='word_1_276' title='bbox 906 3257 972 3312; x_wconf 87' lang='lat' dir='ltr'><strong>ond</strong></span> <span class='ocrx_word' id='word_1_277' title='bbox 989 3259 1040 3313; x_wconf 82' lang='lat' dir='ltr'><strong>bio</strong></span> <span class='ocrx_word' id='word_1_278' title='bbox 1058 3265 1113 3313; x_wconf 85' lang='lat' dir='ltr'><strong>not</strong></span> <span class='ocrx_word' id='word_1_279' title='bbox 1122 3257 1296 3331; x_wconf 79' lang='lat' dir='ltr'><strong>flocbtende</strong></span> <span class='ocrx_word' id='word_1_280' title='bbox 1315 3262 1376 3326; x_wconf 85' lang='lat' dir='ltr'><strong>nis,</strong></span> <span class='ocrx_word' id='word_1_281' title='bbox 1394 3282 1441 3320; x_wconf 83' lang='lat' dir='ltr'><strong>soe</strong></span> 
     </span>
     <span class='ocr_line' id='line_1_31' title="bbox 335 3343 1440 3420; baseline 0.005 -16"><span class='ocrx_word' id='word_1_282' title='bbox 335 3351 364 3404; x_wconf 82' lang='lat' dir='ltr'><strong>ia</strong></span> <span class='ocrx_word' id='word_1_283' title='bbox 383 3349 451 3405; x_wconf 79' lang='lat' dir='ltr'><strong>licre</strong></span> <span class='ocrx_word' id='word_1_284' title='bbox 470 3347 531 3402; x_wconf 84' lang='lat' dir='ltr'><strong>bote</strong></span> <span class='ocrx_word' id='word_1_285' title='bbox 551 3346 604 3402; x_wconf 76' lang='lat' dir='ltr'><strong>tito</strong></span> <span class='ocrx_word' id='word_1_286' title='bbox 616 3343 730 3420; x_wconf 79' lang='lat' dir='ltr'><strong>fiurdo</strong></span> <span class='ocrx_word' id='word_1_287' title='bbox 743 3347 907 3419; x_wconf 81' lang='lat' dir='ltr'><strong>punningo</strong></span> <span class='ocrx_word' id='word_1_288' title='bbox 926 3365 1028 3409; x_wconf 83' lang='lat' dir='ltr'><strong>moro.</strong></span> <span class='ocrx_word' id='word_1_289' title='bbox 1045 3366 1077 3402; x_wconf 86' lang='lat' dir='ltr'><strong>so</strong></span> <span class='ocrx_word' id='word_1_290' title='bbox 1095 3355 1160 3404; x_wconf 85' lang='lat' dir='ltr'><strong>mat</strong></span> <span class='ocrx_word' id='word_1_291' title='bbox 1178 3367 1228 3404; x_wconf 86' lang='lat' dir='ltr'><strong>ene</strong></span> <span class='ocrx_word' id='word_1_292' title='bbox 1245 3368 1355 3406; x_wconf 83' lang='lat' dir='ltr'><strong>nmnne</strong></span> <span class='ocrx_word' id='word_1_293' title='bbox 1369 3353 1440 3416; x_wconf 78' lang='lat' dir='ltr'><strong>dne,</strong></span> 
     </span>
    </p>
   </div>
   <div class='ocr_carea' id='block_1_5' title="bbox 335 3431 1559 3512">
    <p class='ocr_par' dir='ltr' id='par_1_8' title="bbox 335 3431 1559 3512">
     <span class='ocr_line' id='line_1_32' title="bbox 335 3431 1559 3512; baseline 0.005 -20"><span class='ocrx_word' id='word_1_294' title='bbox 335 3436 391 3512; x_wconf 81' lang='lat' dir='ltr'><strong>leg.</strong></span> <span class='ocrx_word' id='word_1_295' title='bbox 411 3435 479 3511; x_wconf 77' lang='lat' dir='ltr'><strong>pagi</strong></span> <span class='ocrx_word' id='word_1_296' title='bbox 497 3431 636 3509; x_wconf 77' lang='lat' dir='ltr'><strong>Westerg.</strong></span> <span class='ocrx_word' id='word_1_297' title='bbox 656 3433 688 3488; x_wconf 92' lang='lat' dir='ltr'><strong>iu</strong></span> <span class='ocrx_word' id='word_1_298' title='bbox 707 3432 796 3490; x_wconf 82' lang='lat' dir='ltr'><strong>Fries.</strong></span> <span class='ocrx_word' id='word_1_299' title='bbox 817 3433 949 3509; x_wconf 84' lang='lat' dir='ltr'><strong>Rechtsq.</strong></span> <span class='ocrx_word' id='word_1_300' title='bbox 969 3455 1000 3510; x_wconf 93' lang='lat' dir='ltr'><strong>p.</strong></span> <span class='ocrx_word' id='word_1_301' title='bbox 1021 3434 1089 3499; x_wconf 74' lang='grc'><strong>191,</strong></span> <span class='ocrx_word' id='word_1_302' title='bbox 1107 3434 1134 3492; x_wconf 90' lang='grc'><strong>2.</strong></span> <span class='ocrx_word' id='word_1_303' title='bbox 1164 3434 1232 3500; x_wconf 84' lang='grc'><strong>498,</strong></span> <span class='ocrx_word' id='word_1_304' title='bbox 1251 3434 1279 3494; x_wconf 93' lang='grc'><strong>7.</strong></span> <span class='ocrx_word' id='word_1_305' title='bbox 1301 3437 1370 3504; x_wconf 79' lang='grc'><strong>463,</strong></span> <span class='ocrx_word' id='word_1_306' title='bbox 1390 3440 1441 3504; x_wconf 88' lang='grc'><strong>23,</strong></span> <span class='ocrx_word' id='word_1_307' title='bbox 1558 3479 1559 3497; x_wconf 68' lang='lat'><strong>.</strong></span> 
     </span>
    </p>
   </div>
   <div class='ocr_carea' id='block_1_6' title="bbox 334 3523 1440 3956">
    <p class='ocr_par' dir='ltr' id='par_1_9' title="bbox 334 3523 1440 3956">
     <span class='ocr_line' id='line_1_33' title="bbox 335 3523 1440 3597; baseline 0.004 -17"><span class='ocrx_word' id='word_1_308' title='bbox 335 3523 413 3580; x_wconf 86' lang='lat' dir='ltr'><strong>coni.</strong></span> <span class='ocrx_word' id='word_1_309' title='bbox 442 3531 556 3580; x_wconf 73' lang='lat' dir='ltr'><strong>autema</strong></span> <span class='ocrx_word' id='word_1_310' title='bbox 586 3523 710 3597; x_wconf 77' lang='lat' dir='ltr'><strong>spretor</strong></span> <span class='ocrx_word' id='word_1_311' title='bbox 738 3525 865 3580; x_wconf 73' lang='lat' dir='ltr'><strong>maneriis</strong></span> <span class='ocrx_word' id='word_1_312' title='bbox 893 3525 1024 3581; x_wconf 82' lang='lat' dir='ltr'><strong>anderen</strong></span> <span class='ocrx_word' id='word_1_313' title='bbox 1052 3527 1163 3582; x_wconf 85' lang='lat' dir='ltr'><strong>inncer</strong></span> <span class='ocrx_word' id='word_1_314' title='bbox 1192 3529 1241 3582; x_wconf 87' lang='lat' dir='ltr'><strong>sin</strong></span> <span class='ocrx_word' id='word_1_315' title='bbox 1271 3547 1370 3594; x_wconf 83' lang='lat' dir='ltr'><strong>ere..,</strong></span> <span class='ocrx_word' id='word_1_316' title='bbox 1400 3531 1440 3589; x_wconf 74' lang='lat' dir='ltr'><strong>de</strong></span> 
     </span>
     <span class='ocr_line' id='line_1_34' title="bbox 334 3609 1439 3689; baseline 0.008 -20"><span class='ocrx_word' id='word_1_317' title='bbox 334 3631 406 3669; x_wconf 86' lang='lat' dir='ltr'><strong>mon</strong></span> <span class='ocrx_word' id='word_1_318' title='bbox 434 3609 453 3666; x_wconf 89' lang='grc'><strong>2</strong></span> <span class='ocrx_word' id='word_1_319' title='bbox 475 3619 568 3686; x_wconf 72' lang='lat' dir='ltr'><strong>print.</strong></span> <span class='ocrx_word' id='word_1_320' title='bbox 596 3613 668 3668; x_wconf 79' lang='lat' dir='ltr'><strong>ende</strong></span> <span class='ocrx_word' id='word_1_321' title='bbox 687 3612 744 3667; x_wconf 85' lang='lat' dir='ltr'><strong>dot</strong></span> <span class='ocrx_word' id='word_1_322' title='bbox 763 3615 827 3685; x_wconf 80' lang='lat' dir='ltr'><strong>eois</strong></span> <span class='ocrx_word' id='word_1_323' title='bbox 843 3613 853 3668; x_wconf 95' lang='grc'><strong>1</strong></span> <span class='ocrx_word' id='word_1_324' title='bbox 871 3621 964 3688; x_wconf 71' lang='lat' dir='ltr'><strong>pettit,</strong></span> <span class='ocrx_word' id='word_1_325' title='bbox 983 3612 1055 3670; x_wconf 87' lang='lat' dir='ltr'><strong>ibid.</strong></span> <span class='ocrx_word' id='word_1_326' title='bbox 1075 3634 1104 3689; x_wconf 90' lang='lat' dir='ltr'><strong>p.</strong></span> <span class='ocrx_word' id='word_1_327' title='bbox 1126 3613 1194 3680; x_wconf 81' lang='lat'>481,</span> <span class='ocrx_word' id='word_1_328' title='bbox 1215 3614 1271 3673; x_wconf 79' lang='grc' dir='ltr'><strong>3οκ</strong></span> <span class='ocrx_word' id='word_1_329' title='bbox 1293 3619 1354 3673; x_wconf 86' lang='lat' dir='ltr'><strong>olle</strong></span> <span class='ocrx_word' id='word_1_330' title='bbox 1374 3621 1439 3678; x_wconf 74' lang='lat' dir='ltr'><strong>tter</strong></span> 
     </span>
     <span class='ocr_line' id='line_1_35' title="bbox 336 3700 1439 3778; baseline 0.01 -23"><span class='ocrx_word' id='word_1_331' title='bbox 336 3702 405 3759; x_wconf 79' lang='lat' dir='ltr'><strong>tlser</strong></span> <span class='ocrx_word' id='word_1_332' title='bbox 433 3719 483 3756; x_wconf 83' lang='lat' dir='ltr'><strong>mc</strong></span> <span class='ocrx_word' id='word_1_333' title='bbox 503 3701 627 3772; x_wconf 79' lang='lat' dir='ltr'><strong>frowen</strong></span> <span class='ocrx_word' id='word_1_334' title='bbox 658 3700 780 3776; x_wconf 80' lang='lat' dir='ltr'><strong>(toioen)</strong></span> <span class='ocrx_word' id='word_1_335' title='bbox 811 3701 894 3764; x_wconf 76' lang='lat' dir='ltr'><strong>detis.</strong></span> <span class='ocrx_word' id='word_1_336' title='bbox 922 3721 956 3758; x_wconf 84' lang='lat' dir='ltr'><strong>so</strong></span> <span class='ocrx_word' id='word_1_337' title='bbox 976 3704 1004 3757; x_wconf 84' lang='lat' dir='ltr'><strong>is</strong></span> <span class='ocrx_word' id='word_1_338' title='bbox 1024 3705 1086 3759; x_wconf 79' lang='lat' dir='ltr'><strong>tltet</strong></span> <span class='ocrx_word' id='word_1_339' title='bbox 1107 3705 1252 3759; x_wconf 73' lang='lat' dir='ltr'><strong>tinnimene</strong></span> <span class='ocrx_word' id='word_1_340' title='bbox 1263 3708 1397 3778; x_wconf 77' lang='lat' dir='ltr'><strong>further</strong></span> <span class='ocrx_word' id='word_1_341' title='bbox 1417 3729 1439 3765; x_wconf 87' lang='lat' dir='ltr'><strong>u</strong></span> 
     </span>
     <span class='ocr_line' id='line_1_36' title="bbox 336 3787 1440 3871; baseline 0.005 -24"><span class='ocrx_word' id='word_1_342' title='bbox 336 3793 429 3848; x_wconf 83' lang='lat' dir='ltr'><strong>botem</strong></span> <span class='ocrx_word' id='word_1_343' title='bbox 459 3789 525 3845; x_wconf 85' lang='lat' dir='ltr'><strong>and</strong></span> <span class='ocrx_word' id='word_1_344' title='bbox 552 3807 573 3845; x_wconf 85' lang='lat' dir='ltr'><strong>o</strong></span> <span class='ocrx_word' id='word_1_345' title='bbox 602 3791 721 3846; x_wconf 81' lang='lat' dir='ltr'><strong>rinoltte</strong></span> <span class='ocrx_word' id='word_1_346' title='bbox 740 3787 773 3864; x_wconf 87' lang='lat' dir='ltr'><strong>(i.</strong></span> <span class='ocrx_word' id='word_1_347' title='bbox 793 3790 1035 3867; x_wconf 74' lang='lat' dir='ltr'><strong>e.sretl1e)‚leg.</strong></span> <span class='ocrx_word' id='word_1_348' title='bbox 1054 3791 1205 3868; x_wconf 77' lang='lat' dir='ltr'><strong>Emesgon.</strong></span> <span class='ocrx_word' id='word_1_349' title='bbox 1226 3792 1297 3850; x_wconf 90' lang='lat' dir='ltr'><strong>ibid.</strong></span> <span class='ocrx_word' id='word_1_350' title='bbox 1318 3815 1350 3871; x_wconf 92' lang='lat' dir='ltr'><strong>p.</strong></span> <span class='ocrx_word' id='word_1_351' title='bbox 1369 3796 1440 3864; x_wconf 84' lang='lat'>225,</span> 
     </span>
     <span class='ocr_line' id='line_1_37' title="bbox 335 3875 1438 3956; baseline 0.005 -19"><span class='ocrx_word' id='word_1_352' title='bbox 335 3879 384 3938; x_wconf 88' lang='grc'><strong>29.</strong></span> <span class='ocrx_word' id='word_1_353' title='bbox 414 3875 483 3944; x_wconf 77' lang='grc'><strong>231,</strong></span> <span class='ocrx_word' id='word_1_354' title='bbox 510 3875 557 3935; x_wconf 89' lang='grc'><strong>30.</strong></span> <span class='ocrx_word' id='word_1_355' title='bbox 589 3875 646 3934; x_wconf 92' lang='grc'><strong>235</strong></span> <span class='ocrx_word' id='word_1_356' title='bbox 675 3885 734 3935; x_wconf 94' lang='lat' dir='ltr'><strong>not.</strong></span> <span class='ocrx_word' id='word_1_357' title='bbox 764 3877 812 3936; x_wconf 73' lang='lat'><strong>49.</strong></span> <span class='ocrx_word' id='word_1_358' title='bbox 841 3877 910 3944; x_wconf 82' lang='lat'>236,</span> <span class='ocrx_word' id='word_1_359' title='bbox 937 3880 966 3943; x_wconf 80' lang='grc'><strong>1,</strong></span> <span class='ocrx_word' id='word_1_360' title='bbox 986 3880 1063 3937; x_wconf 87' lang='lat' dir='ltr'><strong>coni.</strong></span> <span class='ocrx_word' id='word_1_361' title='bbox 1084 3901 1114 3956; x_wconf 90' lang='lat' dir='ltr'><strong>p.</strong></span> <span class='ocrx_word' id='word_1_362' title='bbox 1133 3880 1201 3943; x_wconf 74' lang='grc'><strong>231,</strong></span> <span class='ocrx_word' id='word_1_363' title='bbox 1223 3880 1267 3939; x_wconf 93' lang='grc'><strong>19.</strong></span> <span class='ocrx_word' id='word_1_364' title='bbox 1297 3882 1367 3949; x_wconf 89' lang='grc'><strong>235,</strong></span> <span class='ocrx_word' id='word_1_365' title='bbox 1392 3887 1438 3952; x_wconf 87' lang='grc'><strong>17,</strong></span> 
     </span>
    </p>
   </div>
   <div class='ocr_carea' id='block_1_7' title="bbox 335 3963 1557 4136">
    <p class='ocr_par' dir='ltr' id='par_1_10' title="bbox 335 3963 1557 4136">
     <span class='ocr_line' id='line_1_38' title="bbox 335 3963 1557 4048; baseline 0.007 -23"><span class='ocrx_word' id='word_1_366' title='bbox 335 3976 364 4025; x_wconf 89' lang='lat' dir='ltr'><strong>et</strong></span> <span class='ocrx_word' id='word_1_367' title='bbox 392 3970 454 4041; x_wconf 81' lang='lat' dir='ltr'><strong>ras</strong></span> <span class='ocrx_word' id='word_1_368' title='bbox 477 3985 527 4022; x_wconf 89' lang='lat' dir='ltr'><strong>ene</strong></span> <span class='ocrx_word' id='word_1_369' title='bbox 554 3984 621 4022; x_wconf 77' lang='lat' dir='ltr'><strong>mooe</strong></span> <span class='ocrx_word' id='word_1_370' title='bbox 653 3967 721 4031; x_wconf 84' lang='lat' dir='ltr'><strong>den,</strong></span> <span class='ocrx_word' id='word_1_371' title='bbox 751 3967 769 4023; x_wconf 87' lang='lat'>2</span> <span class='ocrx_word' id='word_1_372' title='bbox 793 3969 907 4042; x_wconf 80' lang='lat' dir='ltr'><strong>pnnd;</strong></span> <span class='ocrx_word' id='word_1_373' title='bbox 928 3973 987 4044; x_wconf 85' lang='lat' dir='ltr'><strong>ros</strong></span> <span class='ocrx_word' id='word_1_374' title='bbox 1002 3988 1070 4025; x_wconf 83' lang='lat' dir='ltr'><strong>enne</strong></span> <span class='ocrx_word' id='word_1_375' title='bbox 1080 3972 1187 4043; x_wconf 83' lang='lat' dir='ltr'><strong>froeno</strong></span> <span class='ocrx_word' id='word_1_376' title='bbox 1207 3970 1279 4028; x_wconf 83' lang='lat' dir='ltr'><strong>deen</strong></span> <span class='ocrx_word' id='word_1_377' title='bbox 1299 3971 1318 4028; x_wconf 85' lang='lat'><strong>3</strong></span> <span class='ocrx_word' id='word_1_378' title='bbox 1330 3977 1437 4048; x_wconf 79' lang='lat' dir='ltr'><strong>pund,</strong></span> <span class='ocrx_word' id='word_1_379' title='bbox 1556 3963 1557 3966; x_wconf 20' lang='lat'>¹</span> 
     </span>
     <span class='ocr_line' id='line_1_39' title="bbox 335 4052 1556 4136; baseline -0.002 -24"><span class='ocrx_word' id='word_1_380' title='bbox 335 4055 408 4113; x_wconf 89' lang='lat' dir='ltr'><strong>ibid.</strong></span> <span class='ocrx_word' id='word_1_381' title='bbox 426 4076 456 4131; x_wconf 91' lang='lat' dir='ltr'><strong>p.</strong></span> <span class='ocrx_word' id='word_1_382' title='bbox 485 4053 554 4117; x_wconf 90' lang='grc'><strong>230,</strong></span> <span class='ocrx_word' id='word_1_383' title='bbox 581 4052 628 4110; x_wconf 88' lang='grc'><strong>33.</strong></span> <span class='ocrx_word' id='word_1_384' title='bbox 659 4053 725 4119; x_wconf 90' lang='grc'><strong>231,</strong></span> <span class='ocrx_word' id='word_1_385' title='bbox 746 4055 799 4119; x_wconf 80' lang='grc' dir='ltr'><strong>3ος</strong></span> <span class='ocrx_word' id='word_1_386' title='bbox 822 4059 946 4132; x_wconf 82' lang='lat' dir='ltr'><strong>eoisoase</strong></span> <span class='ocrx_word' id='word_1_387' title='bbox 966 4059 1098 4115; x_wconf 73' lang='lat' dir='ltr'><strong>tinnimne</strong></span> <span class='ocrx_word' id='word_1_388' title='bbox 1109 4060 1255 4131; x_wconf 84' lang='lat' dir='ltr'><strong>snrtber,</strong></span> <span class='ocrx_word' id='word_1_389' title='bbox 1273 4060 1328 4136; x_wconf 78' lang='lat' dir='ltr'><strong>leg.</strong></span> <span class='ocrx_word' id='word_1_390' title='bbox 1349 4062 1438 4121; x_wconf 87' lang='lat' dir='ltr'><strong>Broc·</strong></span> <span class='ocrx_word' id='word_1_391' title='bbox 1555 4103 1556 4110; x_wconf 55' lang='lat'><strong>.</strong></span> 
     </span>
    </p>
   </div>
   <div class='ocr_carea' id='block_1_8' title="bbox 334 4141 1437 4313">
    <p class='ocr_par' dir='ltr' id='par_1_11' title="bbox 334 4141 1437 4313">
     <span class='ocr_line' id='line_1_40' title="bbox 336 4141 1437 4224; baseline 0.009 -24"><span class='ocrx_word' id='word_1_392' title='bbox 336 4145 472 4201; x_wconf 87' lang='lat' dir='ltr'><strong>manniae</strong></span> <span class='ocrx_word' id='word_1_393' title='bbox 501 4141 574 4200; x_wconf 90' lang='lat' dir='ltr'><strong>ibid.</strong></span> <span class='ocrx_word' id='word_1_394' title='bbox 603 4163 633 4221; x_wconf 93' lang='lat' dir='ltr'><strong>p.</strong></span> <span class='ocrx_word' id='word_1_395' title='bbox 668 4143 732 4209; x_wconf 88' lang='grc'><strong>162,</strong></span> <span class='ocrx_word' id='word_1_396' title='bbox 762 4145 792 4209; x_wconf 89' lang='grc'><strong>9,</strong></span> <span class='ocrx_word' id='word_1_397' title='bbox 820 4146 857 4203; x_wconf 87' lang='lat' dir='ltr'><strong>cf.</strong></span> <span class='ocrx_word' id='word_1_398' title='bbox 881 4165 909 4222; x_wconf 84' lang='lat' dir='ltr'><strong>p.</strong></span> <span class='ocrx_word' id='word_1_399' title='bbox 934 4146 997 4212; x_wconf 91' lang='grc'><strong>177,</strong></span> <span class='ocrx_word' id='word_1_400' title='bbox 1017 4146 1045 4204; x_wconf 93' lang='grc'><strong>5.</strong></span> <span class='ocrx_word' id='word_1_401' title='bbox 1069 4146 1134 4210; x_wconf 90' lang='grc'><strong>179,</strong></span> <span class='ocrx_word' id='word_1_402' title='bbox 1155 4145 1190 4204; x_wconf 90' lang='grc'><strong>16</strong></span> <span class='ocrx_word' id='word_1_403' title='bbox 1210 4156 1237 4205; x_wconf 92' lang='lat' dir='ltr'><strong>et</strong></span> <span class='ocrx_word' id='word_1_404' title='bbox 1257 4150 1365 4224; x_wconf 70' lang='lat' dir='ltr'><strong>delesti</strong></span> <span class='ocrx_word' id='word_1_405' title='bbox 1382 4172 1437 4210; x_wconf 76' lang='lat' dir='ltr'><strong>sea·</strong></span> 
     </span>
     <span class='ocr_line' id='line_1_41' title="bbox 334 4235 1436 4313; baseline 0.011 -27"><span class='ocrx_word' id='word_1_406' title='bbox 334 4235 516 4307; x_wconf 77' lang='lat' dir='ltr'><strong>penninpor,</strong></span> <span class='ocrx_word' id='word_1_407' title='bbox 537 4235 619 4290; x_wconf 80' lang='lat' dir='ltr'><strong>tltere</strong></span> <span class='ocrx_word' id='word_1_408' title='bbox 637 4236 715 4291; x_wconf 83' lang='lat' dir='ltr'><strong>wine</strong></span> <span class='ocrx_word' id='word_1_409' title='bbox 734 4241 857 4310; x_wconf 80' lang='lat' dir='ltr'><strong>ningen,</strong></span> <span class='ocrx_word' id='word_1_410' title='bbox 875 4235 947 4293; x_wconf 91' lang='lat' dir='ltr'><strong>ibid.</strong></span> <span class='ocrx_word' id='word_1_411' title='bbox 966 4258 996 4313; x_wconf 92' lang='lat' dir='ltr'><strong>p.</strong></span> <span class='ocrx_word' id='word_1_412' title='bbox 1021 4236 1074 4294; x_wconf 91' lang='grc'><strong>179</strong></span> <span class='ocrx_word' id='word_1_413' title='bbox 1097 4236 1149 4300; x_wconf 84' lang='grc'><strong>11;</strong></span> <span class='ocrx_word' id='word_1_414' title='bbox 1169 4238 1287 4295; x_wconf 80' lang='lat' dir='ltr'><strong>soldede</strong></span> <span class='ocrx_word' id='word_1_415' title='bbox 1301 4239 1335 4300; x_wconf 86' lang='lat'><strong>15</strong></span> <span class='ocrx_word' id='word_1_416' title='bbox 1348 4243 1436 4298; x_wconf 77' lang='lat' dir='ltr'><strong>merle</strong></span> 
     </span>
    </p>
   </div>
   <div class='ocr_carea' id='block_1_9' title="bbox 337 4319 1555 4522">
    <p class='ocr_par' dir='ltr' id='par_1_12' title="bbox 337 4319 1555 4522">
     <span class='ocr_line' id='line_1_42' title="bbox 337 4319 1555 4401; baseline 0.009 -24"><span class='ocrx_word' id='word_1_417' title='bbox 337 4321 435 4394; x_wconf 81' lang='lat' dir='ltr'><strong>iestlm</strong></span> <span class='ocrx_word' id='word_1_418' title='bbox 464 4319 499 4377; x_wconf 89' lang='grc'><strong>15</strong></span> <span class='ocrx_word' id='word_1_419' title='bbox 528 4323 638 4388; x_wconf 63' lang='lat' dir='ltr'><strong>etloum</strong></span> <span class='ocrx_word' id='word_1_420' title='bbox 666 4326 748 4382; x_wconf 80' lang='lat' dir='ltr'><strong>tltere</strong></span> <span class='ocrx_word' id='word_1_421' title='bbox 767 4329 875 4398; x_wconf 81' lang='lat' dir='ltr'><strong>frowo</strong></span> <span class='ocrx_word' id='word_1_422' title='bbox 901 4329 1048 4384; x_wconf 77' lang='lat' dir='ltr'><strong>tbrimene</strong></span> <span class='ocrx_word' id='word_1_423' title='bbox 1058 4329 1192 4401; x_wconf 76' lang='lat' dir='ltr'><strong>further</strong></span> <span class='ocrx_word' id='word_1_424' title='bbox 1210 4347 1230 4383; x_wconf 86' lang='lat' dir='ltr'><strong>a</strong></span> <span class='ocrx_word' id='word_1_425' title='bbox 1250 4331 1312 4386; x_wconf 82' lang='lat' dir='ltr'><strong>bote</strong></span> <span class='ocrx_word' id='word_1_426' title='bbox 1330 4331 1398 4386; x_wconf 86' lang='lat' dir='ltr'><strong>ond</strong></span> <span class='ocrx_word' id='word_1_427' title='bbox 1414 4350 1434 4386; x_wconf 86' lang='lat' dir='ltr'><strong>a</strong></span> <span class='ocrx_word' id='word_1_428' title='bbox 1554 4359 1555 4362; x_wconf 38' lang='lat'>¹</span> 
     </span>
     <span class='ocr_line' id='line_1_43' title="bbox 338 4408 1555 4522; baseline 0.008 -56"><span class='ocrx_word' id='word_1_429' title='bbox 338 4408 467 4472; x_wconf 59' lang='lat' dir='ltr'><strong>dircite,</strong></span> <span class='ocrx_word' id='word_1_430' title='bbox 494 4409 551 4484; x_wconf 82' lang='lat' dir='ltr'><strong>leg.</strong></span> <span class='ocrx_word' id='word_1_431' title='bbox 571 4409 733 4486; x_wconf 75' lang='lat' dir='ltr'><strong>Hunesgon.</strong></span> <span class='ocrx_word' id='word_1_432' title='bbox 764 4414 835 4471; x_wconf 90' lang='lat' dir='ltr'><strong>ibid.</strong></span> <span class='ocrx_word' id='word_1_433' title='bbox 866 4435 896 4491; x_wconf 92' lang='lat' dir='ltr'><strong>p.</strong></span> <span class='ocrx_word' id='word_1_434' title='bbox 917 4414 984 4481; x_wconf 89' lang='grc'><strong>332,</strong></span> <span class='ocrx_word' id='word_1_435' title='bbox 1015 4415 1063 4481; x_wconf 83' lang='grc'><strong>32,</strong></span> <span class='ocrx_word' id='word_1_436' title='bbox 1083 4416 1159 4502; x_wconf 83' lang='lat' dir='ltr'><strong>conf.</strong></span> <span class='ocrx_word' id='word_1_437' title='bbox 1179 4437 1209 4492; x_wconf 92' lang='lat' dir='ltr'><strong>p.</strong></span> <span class='ocrx_word' id='word_1_438' title='bbox 1230 4415 1297 4481; x_wconf 88' lang='grc'><strong>332,</strong></span> <span class='ocrx_word' id='word_1_439' title='bbox 1320 4417 1365 4476; x_wconf 89' lang='grc'><strong>19.</strong></span> <span class='ocrx_word' id='word_1_440' title='bbox 1385 4417 1433 4475; x_wconf 88' lang='grc'><strong>26.</strong></span> <span class='ocrx_word' id='word_1_441' title='bbox 1554 4499 1555 4522; x_wconf 23' lang='grc'>1</span> 
     </span>
    </p>
   </div>
   <div class='ocr_carea' id='block_1_10' title="bbox 0 0 1584 5464">
    <p class='ocr_par' dir='ltr' id='par_1_13' title="bbox 0 0 1584 5464">
     <span class='ocr_line' id='line_1_44' title="bbox 0 0 1584 5464; baseline 0 2"><span class='ocrx_word' id='word_1_442' title='bbox 0 0 1584 5464; x_wconf 95' lang='lat' dir='ltr'><strong> </strong></span> 
     </span>
    </p>
   </div>
  </div>
 </body>
</html>
