3144 5460
372 563 446 619 ml
771 563 842 613 LEX
864 561 1069 614 retulerim.
1557 597 1558 646 ,

1557 649 1558 688 l

375 777 474 842 ditum
502 795 592 852 etue,
624 781 780 860 regnante
804 769 928 836 Karolo
952 769 1104 837 Metello
1128 773 1251 838 victore
1273 770 1501 852 Frisionum,

375 881 429 948 vel
464 877 606 947 eiusdem
641 878 709 944 filio
744 876 883 964 Pippine
919 897 1012 963 reg03
1047 894 1152 963 neque
1187 878 1352 964 cognitum
1377 877 1500 943 habeo

372 995 612 1076 argumentum,
636 1005 702 1071 quo
726 981 962 1048 demonstretur
985 982 1088 1072 legem
1113 983 1367 1070 antiquissimam
1382 982 1500 1048 huius

375 1116 440 1159 non
464 1115 532 1159 esee
556 1090 725 1180 temporis,
749 1091 813 1155 imo
837 1089 974 1154 iudicem
998 1089 1103 1155 omnio
1126 1091 1254 1155 omnino
1279 1091 1431 1175 quaein
1456 1113 1499 1154 ea

374 1199 544 1288 leguntur,
568 1197 609 1262 ab
632 1195 688 1262 illa
712 1205 816 1262 aetate
839 1215 902 1258 non
927 1215 995 1260 ease
1019 1193 1130 1260 aliena.

422 1409 470 1478 11.
517 1407 736 1475 Secunde
775 1427 889 1493 pars
927 1406 1111 1494 legie⁸⁰
1144 1407 1178 1470 in
1217 1429 1313 1472 usum
1353 1405 1494 1471 Friaiee

372 1514 599 1591 occidentalis,
633 1511 757 1578 mediae
789 1522 825 1576 et
861 1510 1024 1576 orientalis
1058 1512 1123 1578 leta
1144 1521 1213 1589 est3
1236 1511 1320 1578 hano
1341 1512 1388 1578 ob
1413 1535 1492 1578 rem

375 1631 500 1687 eertum
536 1629 602 1698 est,
635 1639 705 1682 eam
736 1626 809 1702 post
845 1637 964 1681 anuum
989 1616 1055 1683 785
1081 1639 1150 1683 esee
1173 1616 1389 1704 publicatam,
1415 1641 1491 1704 quo

375 1725 481 1792 Frisia
515 1721 676 1789 orientalis
711 1720 911 1788 Francorum
946 1743 1046 1808 regno
1082 1723 1225 1788 subiecta
1260 1734 1317 1788 eet.
1366 1721 1489 1804 Quum

376 1853 453 1898 vero
489 1829 523 1896 iu
558 1829 619 1896 hae
656 1828 737 1917 legis
764 1839 856 1915 porte
879 1827 1096 1916 weregeldum
1119 1830 1302 1894 inveniatur
1325 1831 1358 1894 in
1385 1853 1488 1895 usum

375 1935 500 2003 Frislae
522 1933 685 2002 orientalis
705 1934 935 2013 coustitutum,
957 1955 1103 2000 censeam
1127 1933 1286 2000 Karolum
1318 1933 1487 2022 Magnum

375 2045 445 2129 ipso
468 2063 553 2105 anno
579 2039 665 2117 tto,
690 2039 834 2104 subiecta
857 2037 963 2104 Frisia
986 2039 1150 2118 orientali,
1174 2038 1307 2106 eandem
1335 2041 1488 2128 promul·

374 2167 486 2235 gerse,
522 2167 587 2232 quo
623 2156 728 2209 terrae
764 2154 937 2230 occupatae
971 2145 1187 2234 weregeldum
1221 2168 1344 2212 novum
1367 2147 1487 2211 statuit

372 2250 464 2340 quod
488 2273 644 2316 summam
670 2248 831 2335 duplicem
854 2249 1006 2336 explebat
1029 2251 1203 2339 weregeldi
1225 2252 1259 2315 in
1283 2251 1391 2317 Frieia
1415 2275 1486 2316 me·

377 2355 430 2422 dia
465 2379 502 2422 eo
539 2377 643 2442 usque
679 2355 796 2420 usitati.
843 2354 990 2421 Plurima
1025 2357 1165 2444 capitula
1195 2358 1296 2444 partis
1319 2357 1485 2422 secundae

375 2463 457 2550 legis
493 2461 637 2526 Frieieae
673 2457 713 2524 ed
750 2458 886 2526 Frisium
914 2447 1103 2526 orientalem
1125 2463 1302 2549 pertinent,
1324 2462 1486 2527 nonnulla

372 2567 487 2634 -eddita
517 2576 612 2645 sunt,
645 2564 763 2650 quibus
787 2566 838 2630 ius
861 2564 986 2631 Frisiae
1009 2567 1132 2633 mediae
1155 2579 1189 2634 et
1210 2553 1417 2634 occidentalie
1441 2592 1485 2634 ex

377 2675 481 2739 animo
513 2671 598 2738 illius
631 2672 743 2736 aetatis
776 2671 1015 2752 emendaretur,
1046 2673 1136 2741 verbi
1168 2675 1273 2763 gratia
1292 2675 1484 2740 constitutio

371 2780 418 2846 de
447 2778 575 2846 mulctis
599 2777 828 2844 nonnullorum
856 2778 1025 2844 eriminum
1049 2779 1159 2846 novies
1182 2779 1361 2859 solvendis,
1384 2791 1418 2846 et
1441 2779 1484 2846 de
1555 2819 1556 2824 κ

371 2887 478 2950 benno
494 2885 584 3052 regpp
603 2884 647 2948 60
671 2883 847 2949 aolidorum
872 2883 1037 2965 solvendo,
1054 2883 1128 2950 vide
1152 2907 1250 2972 supra
1264 2908 1297 2972 p.
1313 2884 1483 2952 XXXIV

373 2999 410 3054 ¹et
433 2986 547 3053 XXX
579 3036 590 3052 „

425 3198 491 3266 ΙΙΙ.
540 3195 748 3264 Additio
782 3197 912 3287 legis
948 3199 1222 3267 Frisiorum
1254 3226 1299 3268 ex
1330 3225 1400 3268 meo
1433 3204 1484 3268 iu·

373 3305 461 3374 dieio
497 3303 627 3374 condita
663 3315 711 3371 est
747 3324 830 3370 enno
862 3304 949 3385 802,
972 3317 1070 3392 atque
1092 3306 1178 3373 idem
1202 3330 1314 3374 censeo
1339 3309 1380 3374 de
1403 3331 1483 3374 non·

376 3410 475 3478 nullis
514 3412 622 3477 verbis
663 3411 765 3477 titulis
801 3411 905 3498 primo
940 3422 974 3477 et
1008 3411 1148 3478 seeundo
1181 3413 1264 3503 legis
1299 3414 1481 3484 Frisiorum

375 3513 523 3593 insertis,
546 3535 648 3598 quae,
673 3524 711 3578 ut
735 3535 834 3600 supra
856 3538 888 3601 p
913 3514 1048 3581 XXXI
1072 3517 1254 3598 illustravi,
1280 3519 1321 3584 ed
1345 3517 1480 3585 Additio

375 3641 451 3685 nem
473 3618 554 3707 legis
578 3620 641 3683 sint
659 3619 886 3704 computanda

427 3721 698 3804 Constitutiones,
731 3747 811 3811 quas
847 3726 899 3790 lea
924 3725 1109 3794 Frisiorum
1132 3730 1351 3817 antiquissime
1375 3745 1406 3798 et
1428 3757 1480 3799 ee-

378 3832 484 3920 pitule
520 3830 567 3910 ei,
602 3841 641 3895 ιιι
674 3841 804 3918 putem,
834 3853 916 3898 auno
944 3834 1009 3899 Ι785
1035 3833 1175 3914 adiecta,
1199 3835 1240 3902 de
1263 3837 1335 3904 iure
1359 3837 1480 3905 Frisioo

375 3936 606 4015 condiderant,
640 3935 821 4002 Additione
853 3937 936 4026 legis
972 3938 1156 4006 Frisionum
1191 3943 1301 4009 multis
1335 3943 1369 4008 in
1404 3944 1479 4010 loeis

377 4054 456 4108 eunt
491 4039 694 4122 emendatae,
730 4052 763 4107 et
794 4042 925 4129 quidem
959 4067 997 4110 ea
1019 4047 1159 4127 ratione,
1185 4057 1222 4112 ut
1245 4049 1360 4114 eitius
1384 4047 1481 4114 Frisi-

378 4169 456 4213 -oum
480 4148 649 4234 antiquum
673 4146 851 4214 Additioue
875 4147 1066 4236 Sapientem
1089 4155 1290 4240 systemalioe
1314 4154 1406 4241 quasi
1430 4177 1480 4220 re·

359 4289 534 4306 *uu-nna-

410 4391 446 4436 ιο
478 4385 568 4436 Ιιοοοι
584 4387 651 4450 lacta
668 4401 733 4452 quoa
750 4390 1003 4440 seeundoeeiutdem
1014 4395 1080 4456 parti
1094 4395 1246 4459 eleonibem,
1260 4397 1316 4446 vido
1329 4412 1355 4461 p.
1366 4397 1479 4448 xxxid.
