3144 5460
551 559 621 604 Lux
643 558 848 607 Fulsloufflu.
1146 554 1219 602 XLV

119 768 236 852 lapibus
273 765 417 854 (eorum)
458 765 599 827 addidit..
650 762 689 827 In
725 775 815 848 perte
850 764 930 849 legis
962 760 1219 832 Frisionumin-

119 873 236 959 scripta
272 873 407 937 Additio
442 870 643 956 Sapientem,
678 869 906 954 nonnullisque
947 866 1095 953 capitulis
1135 889 1221 953 quae

120 977 160 1042 ad
184 977 318 1043 eandem
343 987 417 1042 sunt
437 971 670 1060 ¹computanda,
695 973 849 1041 hebernus
873 974 1013 1062 capitula
1036 973 1095 1040 illa
1113 997 1221 1061 pauno

119 1084 184 1171 legi
208 1082 391 1148 Frisiorum
416 1081 539 1158 addita,
565 1079 682 1167 quibus
707 1081 758 1146 lox
784 1095 831 1145 est
854 1080 1020 1148 emendata
1044 1083 1222 1167 ubicumque

119 1211 234 1256 nectere
249 1191 325 1277 fait.

46 1369 52 1380 ,
165 1295 218 1359 De
257 1295 334 1359 viris
372 1295 430 1379 qui
466 1292 668 1358 Additionem
702 1292 766 1378 legi
801 1291 985 1359 Frisiorum
1020 1293 1223 1374 adiecerunt,

120 1423 296 1486 eorumque
328 1397 421 1464 modo
454 1397 592 1464 addendi
623 1398 758 1486 legimus
782 1398 814 1463 in
839 1397 911 1486 lege
935 1398 1119 1466 Frisionum
1142 1400 1222 1466 haee

119 1505 236 1572 verba:

260 1609 332 1674 Lex
368 1609 451 1674 Fris.
486 1610 533 1674 tit.
570 1607 607 1673 ΙΙ
644 1608 684 1673 ad
717 1631 786 1695 oap.
821 1609 882 1672 10:
906 1610 996 1676 Haeo
1029 1612 1221 1679 Wulemarna

309 1716 441 1780 addidit.

262 1821 318 1888 Ad
349 1821 445 1885 finem
476 1819 562 1884 tituli
592 1819 706 1884 XXII
734 1819 795 1906 leg.
819 1820 920 1886 Bria:
945 1821 1074 1888 Additio
1098 1829 1222 1912 eapien-

308 1939 391 1992 tum:

386 2031 599 2096 Wulemaraez
623 2028 711 2094 Add.
735 2031 783 2096 tit.
806 2031 947 2112 Ι-ΙΙΙ,
975 2034 1097 2100 1-58,

380 2138 470 2202 Haec
499 2138 618 2201 iudidio
645 2137 843 2202 Sanmundna
867 2140 1013 2206 dietavit:
1035 2137 1123 2204 Add.
1147 2141 1220 2221 ΙΙΙ,

428 2241 574 2306 59-75,

386 2348 578 2413 Wnlemarua
602 2350 689 2413 dicit:
714 2347 803 2414 Add.
819 2349 885 2428 III,
904 2351 1050 2418 76-78.
1062 2352 1224 2421 IV-VL

380 2455 594 2534 Sonmnndue,
619 2451 708 2519 Add.
732 2453 813 2520 VII.
938 2469 942 2476 '
1019 2462 1023 2470 “

387 2561 601 2626 Wulemurne:
623 2559 711 2626 Add.
740 2559 944 2628 VIII-XI.

171 2667 338 2732 Habemus
374 2667 423 2731 his
462 2669 497 2732 in
533 2667 657 2731 verbis:
693 2664 1014 2733 Wulemarum
1050 2680 1083 2734 et
1118 2669 1224 2735 Sex·

26 2757 31 2772 ’
124 2770 356 2850 mnndum,
388 2773 444 2856 qui
474 2772 508 2834 in
536 2772 743 2856 inscriptione
767 2770 952 2836 Additionis
976 2773 1057 2859 legis
1080 2773 1225 2840 Frisioae

124 2876 256 2942 laudata
292 2877 543 2962 sapientes
578 2877 801 2953 nominantur3
836 2876 923 2962 iique
960 2901 999 2942 ex
1028 2879 1100 2965 lege
1124 2878 1225 2946 Frisi-

123 3005 222 3048 onum
258 2982 438 3048 addunt
474 2981 633 3066 quaedam
668 2981 748 3068 legi,
785 2980 953 3046 dicunt
985 2985 1159 3070 quaedam,
1192 2998 1225 3052 et

123 3086 311 3154 iudioia
348 3087 556 3164 diotant3
593 3109 630 3150 ec
665 3087 784 3152 iudicia
820 3087 860 3151 ab
896 3088 972 3174 ipsis
1004 3089 1139 3170 dictata,
1171 3093 1223 3158 vel

123 3192 230 3258 omnia
254 3193 293 3258 ab
317 3193 393 3279 ipsis
417 3193 479 3278 legi
504 3191 630 3271 addita,
655 3215 735 3258 voce
759 3192 892 3258 Additio
916 3195 1070 3280 inscripta
1093 3209 1177 3263 eunt.

171 3294 287 3378 Quum
311 3309 418 3362 autem
441 3298 635 3382 interpreter
659 3296 758 3361 verba
782 3297 925 3372 laudata,
943 3299 1122 3379 coniiciam,
1138 3299 1225 3366 Wu-
1306 3286 1308 3290 ⁵

123 3402 280 3468 lemarum
312 3413 345 3466 et
376 3400 600 3467 Saxrnundum
632 3424 715 3466 anno
749 3402 815 3465 802
851 3401 1050 3490 Aquisgrani
1081 3417 1226 3473 versatos

124 3505 224 3571 fuisse
248 3509 281 3572 in
306 3507 377 3594 lege
401 3506 584 3572 Frisionum
609 3505 816 3586 emendanda,
840 3516 871 3571 et
896 3507 1025 3593 quidem
1042 3509 1074 3574 in
1091 3533 1225 3579 numero

124 3634 258 3692 eorum,
288 3635 368 3697 quos
397 3611 595 3700 legislatores
627 3623 743 3677 vocant
767 3611 911 3679 Annales
934 3612 1226 3683 Laureshamenses

123 3717 158 3782 in
183 3719 304 3784 verbis:
331 3721 523 3804 oonprepaoit
546 3721 714 3804 imperator
738 3720 843 3798 duces,
867 3721 988 3784 comites
1013 3733 1040 3785 ot
1070 3723 1225 3808 reliquum

123 3824 326 3890 christianum
344 3825 499 3912 populum
522 3847 589 3890 oum
612 3825 855 3911 lapidatoribus,
881 3839 908 3890 et
921 3827 1000 3911 fecit
1023 3825 1102 3912 lenes
1127 3851 1225 3893 enzen-

123 3929 202 4002 dore
225 3943 284 3996 eto.

171 4037 332 4124 Tempore
362 4034 479 4101 Karoli
510 4034 624 4122 Magni
652 4035 826 4120 imperator
848 4035 936 4123 leges
960 4037 1011 4103 vel
1036 4037 1225 4123 capitularia

125 4143 292 4212 constituit
334 4140 464 4207 consilio
500 4140 700 4230 optimatium
737 4140 828 4228 regni
864 4141 913 4207 sui
932 4144 982 4221 ⁵4,
1017 4164 1101 4207 anno
1135 4143 1224 4230 802,

118 4323 273 4342 *1-

160 4399 194 4446 54
228 4392 298 4444 Vide
316 4389 402 4442 Woitz
419 4389 455 4441 D.
472 4389 589 4442 versare.
606 4387 639 4441 G.
656 4388 707 4441 111.
723 4404 750 4456 p.
767 4393 828 4442 499.
