3158 5464
348 547 356 563 '
441 553 703 625 nraxxu.
747 559 919 645 §tr-ea
1084 651 1086 654 Ι
1196 557 1238 620 ιι

141 757 202 836 Qua
233 757 265 814 ia
295 773 327 811 re
348 755 409 812 viro
428 753 589 813 doctissimo
609 755 688 811 haud
707 755 864 820 consentio,
884 753 1045 812 testimonio
1064 753 1142 811 enim
1162 751 1239 828 capi·

140 847 268 903 tulorum
298 863 314 901 c
343 844 405 922 lege
434 844 543 902 Frisica
572 845 739 911 allatorum,
757 844 952 922 weregeldum
972 843 1127 902 dimidiam
1147 841 1241 899 mulc-

140 946 199 994 tam
229 935 298 992 facit
327 935 403 990 oculi
422 936 508 999 eruti,
529 953 622 1011 aeque
642 953 710 993 acro
728 935 806 992 oculi
825 935 886 992 risu
906 935 1027 1012 privatis
1049 953 1082 990 ac
1102 950 1241 990 numerus

141 1023 198 1103 20}
226 1023 415 1082 confirmatur
443 1023 576 1100 capitulis
607 1023 643 1080 17
673 1033 701 1080 et
730 1023 769 1082 48
806 1026 849 1082 tit.
880 1023 924 1080 111
952 1023 1047 1080 Addit.
1090 1023 1172 1097 Sap,
1209 1021 1242 1078 in

141 1115 259 1190 quibus,
288 1121 318 1169 ut
339 1132 430 1190 supra
449 1113 602 1178 illustravi,
619 1113 743 1170 mulctae
761 1115 836 1171 oculi
857 1113 984 1170 diversae
1006 1111 1242 1188 multiplicatione

141 1203 258 1260 numeri
287 1201 325 1258 20
354 1210 422 1258 sunt
451 1202 602 1266 formatae,
628 1203 669 1259 ita
699 1212 730 1259 ut
757 1204 874 1260 fortasse
904 1221 1044 1259 numerus
1073 1199 1178 1278 »203⁹
1208 1200 1241 1256 ia

142 1313 159 1346 a
171 1292 228 1350 20”
249 1291 286 1348 sit
304 1291 500 1367 corrigendus.
542 1290 583 1349 Ile
600 1290 725 1349 laesione
746 1291 953 1368 palpebrarum
973 1299 1002 1347 et
1022 1289 1241 1366 superciliorum

141 1383 286 1438 disserunt
305 1380 430 1456 capitula
454 1380 488 1437 14
508 1390 536 1437 et
559 1379 593 1437 15
615 1381 656 1438 tit.
676 1379 760 1438 XXII
779 1381 835 1457 leg.
855 1380 926 1440 Fris.

185 1471 216 1505 *ὅ
259 1469 355 1530 Verba
385 1469 504 1546 capituli
534 1468 588 1526 472
618 1473 647 1527 si
677 1471 745 1545 quie
775 1473 872 1528 alizam
897 1478 1004 1544 pectus
1015 1470 1184 1544 sorduerit,
1207 1464 1243 1522 12

142 1561 254 1617 solidos
283 1568 447 1634 conponat,
475 1559 660 1617 illustrantur
690 1568 777 1638 atque
807 1559 1000 1618 emendantur
1019 1559 1065 1622 iis,
1083 1575 1158 1634 quae
1184 1555 1243 1633 legi

143 1647 244 1705 addita
264 1657 330 1706 sunt
350 1649 382 1704 in
403 1647 556 1705 Additione
577 1647 645 1724 Sap.
667 1647 720 1714 111,
740 1648 793 1709 45ι
817 1652 844 1706 si
864 1651 931 1725 quis
951 1651 1051 1706 alitem
1071 1649 1104 1702 in
1125 1654 1243 1720 tergum

142 1747 200 1796 acet
222 1747 329 1813 peetus
360 1741 407 1794 ito
437 1740 654 1802 evaluerooere't,
682 1747 718 1795 ut
737 1741 846 1796 malaue
865 1740 974 1796 sartori
993 1757 1050 1794 noa
1063 1737 1172 1811 possit,
1193 1734 1246 1791 sed

139 1847 200 1902 per
221 1829 350 1902 fistulas
379 1830 476 1883 sanies
506 1827 664 1891 demorati,
693 1834 739 1883 ter
770 1827 805 1882 12
834 1827 945 1883 solidos
966 1834 1130 1899 componat.
1169 1823 1243 1880 Loco

142 1917 263 1973 laudato
282 1916 443 1973 additionis
461 1917 570 1972 mulcta
589 1916 710 1991 pectoris
730 1916 874 1974 vulnerati
894 1915 1038 1992 triplicata
1057 1922 1109 1977 est,
1129 1922 1161 1969 ut
1177 1913 1244 1988 plu-

142 2007 236 2063 rimae
265 2007 389 2062 mulctae
417 2005 569 2062 Additione
598 2005 666 2080 Sap.
695 2014 762 2062 sunt
790 2005 961 2081 triplicatae.
989 2023 1061 2081 quas
1091 2002 1138 2059 lex
1157 2001 1245 2058 Frisi-

140 2115 235 2153 onam
265 2095 459 2158 constituerat,
488 2114 580 2170 neque
601 2102 696 2152 tameo
717 2114 807 2172 genus
828 2094 955 2152 vulneris
974 2103 1015 2150 est
1036 2099 1190 2156 mutatum,
1208 2091 1244 2147 de

143 2205 203 2260 quo
232 2184 391 2261 capitulum
412 2185 498 2241 rerba
518 2183 605 2246 facita
625 2203 659 2240 ac
680 2203 830 2260 uunquam
850 2193 925 2240 certo
944 2191 1042 2259 pectus
1061 2182 1141 2239 omni
1161 2181 1246 2238 modo

141 2275 273 2332 foratum
303 2293 338 2332 ex
367 2273 493 2352 capitulo
523 2273 559 2330 47
588 2274 658 2348 legis
686 2272 758 2331 Fris.
788 2272 938 2330 duodecim
957 2271 1055 2328 solidis
1074 2280 1135 2328 erat
1154 2269 1247 2326 mulc-

143 2365 285 2429 tandum3
317 2363 392 2421 conf.
418 2364 450 2418 in
480 2361 535 2438 leg.
565 2362 637 2420 Fris.
666 2361 760 2426 XXII,
778 2360 835 2418 522
854 2364 882 2417 si
900 2364 933 2417 in
955 2370 1086 2418 ventrem
1107 2362 1246 2417 maluero·

144 2458 244 2519 verit,
277 2452 312 2510 12
342 2454 395 2510 sol.
425 2471 537 2526 cornp..
567 2460 595 2508 et
624 2453 655 2507 in
684 2451 739 2528 leg.
768 2452 840 2508 Fris.
867 2449 973 2514 XXII,
1000 2448 1056 2505 23:
1088 2451 1116 2504 se'
1135 2455 1246 2504 eostam

144 2554 352 2601 transversam
381 2542 537 2605 inciderit,
570 2540 604 2596 12
636 2539 697 2616 (ter
729 2539 763 2596 12
789 2539 863 2597 Add.
883 2538 940 2604 lll,
960 2538 1010 2611 30)
1030 2539 1118 2595 solid.
1139 2555 1247 2611 corppus

141 2643 174 2691 et
193 2633 259 2689 vide
278 2632 298 2690 l.
319 2630 378 2689 Sal.
397 2627 461 2694 XX,
481 2629 499 2687 6
519 2629 577 2702 (ed.
597 2629 707 2686 Merkel
727 2649 794 2687 nov.
818 2629 902 2702 l90):
922 2631 950 2684 si
969 2631 1056 2684 iutro
1076 2636 1172 2683 coatus
1190 2634 1247 2682 oret

144 2726 180 2779 in
208 2730 312 2778 ventre
339 2721 458 2782 miserit
478 2721 596 2782 vulnere,
617 2728 644 2775 et
664 2728 775 2776 currat
793 2727 821 2774 et
849 2737 906 2774 non
934 2725 1036 2780 scoot.
1062 2715 1116 2792 62}
1148 2715 1250 2778 solid..

141 2812 223 2868 conf.
243 2811 329 2867 etiam
357 2809 378 2866 1.
408 2807 468 2866 sal.
489 2827 544 2865 em.
565 2807 642 2872 xlx,
663 2805 680 2864 6
700 2807 757 2880 (ed.
777 2807 887 2863 Merkel
907 2825 974 2863 noa.
996 2803 1045 2876 48)
1063 2812 1092 2860 et
1112 2803 1133 2861 l.
1153 2803 1246 2860 Alam.

144 2898 255 2958 LXIll.
285 2898 325 2954 lte
344 2898 407 2954 iare
426 2897 535 2953 Frisiae
554 2896 710 2953 recentiore
730 2896 805 2955 conf.
826 2895 915 2952 Fries.
935 2893 1080 2950 Wiirterb.
1101 2893 1156 2949 sub
1189 2910 1248 2950 soc.

144 2991 248 3052 ῠνιιεί,
265 2988 324 3044 oua
344 2987 465 3044 etaide.

190 3077 223 3111 ⁸⁶
266 3075 308 3132 Ea
326 3075 459 3152 capitulis
480 3073 518 3132 48
537 3083 565 3130 et
584 3073 622 3132 49
643 3074 819 3130 mulctantur
840 3096 855 3129 a
867 3072 1140 3150 praecordiagladio
1152 3076 1245 3128 tacta''

148 3165 187 3223 18
215 3165 247 3236 ti.
278 3184 303 3222 e.
336 3163 459 3240 121-6)
485 3163 594 3228 solidis,
624 3163 816 3239 »perforata''
846 3172 942 3221 autem
973 3161 1011 3219 24
1031 3162 1064 3238 (1.
1085 3181 1110 3219 e.
1130 3159 1247 3232 2><l2)

144 3255 266 3318 solidis3
303 3261 330 3310 et
367 3253 535 3329 praecordia
566 3251 749 3309 illustrantur
780 3271 844 3308 voce
875 3253 1029 3327 composita
1059 3253 1249 3322 laert-hamo,

145 3346 204 3402 sub
233 3362 292 3418 qua
322 3342 543 3419 intelligendum
563 3351 604 3398 est
625 3341 825 3398 vestimentum
845 3341 948 3403 cordis,
967 3340 991 3394 si
1009 3338 1109 3394 eadem
1128 3337 1166 3394 ad
1186 3355 1248 3393 vers

145 3436 222 3491 bam
254 3433 435 3496 transfertur,
463 3430 508 3487 vel
537 3431 719 3488 hera-beate!
745 3431 776 3485 in
801 3428 869 3484 dial.
891 3429 978 3485 theot.
998 3446 1067 3490 rec,
1085 3427 1106 3483 i.
1127 3445 1152 3482 e.
1170 3425 1250 3501 peri÷

144 3521 292 3580 cardium.
341 3519 445 3580 Vocem
484 3521 576 3596 ipsam
607 3521 794 3582 hert-homo,
822 3517 884 3574 loco
913 3517 984 3593 legis
1014 3516 1086 3574 Fris.
1114 3525 1249 3592 excepto.

146 3611 268 3670 nonnisi
298 3612 328 3668 in
358 3627 487 3666 sermone
517 3609 744 3685 Anglosaxonico
763 3606 831 3684 legi,
850 3607 913 3664 ride
932 3607 1004 3684 Lym
1023 3608 1075 3682 qui
1095 3605 1247 3662 laudatio

146 3700 328 3758 Ilictionario
358 3699 498 3757 saxonico
528 3701 723 3756 beart-laamas
750 3717 785 3754 ex
815 3697 913 3755 Exodo
943 3695 993 3761 29,
1019 3696 1069 3759 22,
1095 3704 1124 3751 et
1151 3697 1249 3752 heort-

148 3793 244 3848 lmmo
273 3808 308 3845 ex
339 3788 427 3846 delfr.
456 3787 569 3846 Glossis.
619 3787 701 3844 Libri
731 3787 801 3842 iuris
821 3785 922 3841 Frisici
941 3783 1108 3842 recentioris
1125 3801 1248 3839 comme·

146 3886 267 3936 morant
296 3886 421 3953 raptum
441 3877 632 3953 praecordii.
661 3876 699 3932 id
727 3883 769 3931 eet
800 3877 973 3950 laerta-senff
1001 3872 1091 3930 Fries.
1116 3868 1250 3946 Rechtsq.

147 3989 180 4046 p.
213 3966 262 4031 96,
291 3967 325 4024 31
356 3975 383 4024 et
413 3967 589 4024 tot-eudes
609 3964 746 4022 ben-orele
765 3963 837 4021 ibid.
858 3983 886 4039 p.
907 3962 975 4027 467,
997 3963 1044 4020 23.
1085 3961 1197 4019 Glossae
1216 3959 1248 4022 in

148 4056 274 4113 dialecto
295 4057 430 4112 theotisca
448 4075 511 4132 sup.
533 4062 587 4111 vet.
608 4053 728 4128 scriptae
747 4053 926 4109 transferunt
945 4049 1112 4127 praecordia
1133 4049 1248 4110 vocitas

149 4145 356 4219 sumpt-terra,
376 4146 557 4219 secr-herae,
575 4143 793 4218 foro-hercido
803 4159 817 4208 ;
845 4140 906 4197 vide
935 4139 1017 4197 Graff
1043 4139 1094 4198 lv.
1113 4159 1142 4215 p.
1167 4137 1250 4204 1047.

150 4234 259 4293 Notata
292 4233 416 4290 maxime
446 4233 534 4310 digna
564 4240 606 4288 est
635 4230 729 4287 forma
758 4231 833 4286 vocis
863 4230 1044 4294 laert-hamo,
1073 4247 1147 4304 qnae
1169 4226 1248 4290 haud

150 4321 306 4398 respondet
336 4321 463 4380 dialectis
492 4320 601 4378 Frisiac
631 4319 854 4384 transflevanaa
883 4336 917 4374 ac
947 4316 1095 4395 perspicue
1111 4317 1252 4396 'designet
1316 4355 1318 4359 ·

149 4410 309 4468 dialectum
341 4417 464 4470 veterem
485 4409 595 4467 Frisiae
614 4409 795 4474 cisfleranae‚
813 4427 872 4485 qua
891 4408 922 4465 ia
942 4415 1030 4473 terra,
1049 4427 1084 4468 ex
1104 4425 1166 4469 meo
1185 4406 1252 4490 qui·
