3156 5464
520 579 636 642 Irvosx
658 576 797 640 Renum
1142 576 1201 639 161

139 775 263 833 oladol.

103 793 340 923 utensiliar
371 862 395 919 si
423 861 487 937 quis
514 881 607 925 arma,
635 869 750 925 vestem,
769 857 903 916 utensilia
922 857 1077 933 quaelibet,
1095 859 1146 916 alii
1166 861 1201 916 ad

142 952 336 1011 auferendum
357 950 518 1027 exposuerit
537 950 579 1015 II,
602 950 646 1008 II.
671 949 718 1025 Os.
738 968 792 1013 res,

103 1052 273 1100 uterusz
302 1042 400 1097 infans
418 1042 456 1097 ab
477 1049 556 1096 utero
575 1041 706 1097 sublatus
725 1047 753 1096 et
772 1045 906 1102 enecatus
925 1055 943 1092 a
963 1045 1054 1093 matre
1074 1036 1110 1102 V,
1133 1038 1158 1096 l.

103 1151 227 1189 uxor:
256 1132 280 1188 si
311 1131 376 1207 quis
405 1130 560 1186 foeminam
592 1149 709 1186 uxorem
731 1127 846 1184 duxerit
864 1135 944 1182 extra
964 1127 1138 1184 voluntatem
1158 1148 1207 1186 eo-

141 1240 221 1285 rum,
250 1220 300 1295 qui
324 1227 491 1296 potestatem
512 1219 573 1274 eins
593 1221 701 1275 habent
721 1217 773 1280 IX,
795 1216 847 1281 lit
868 1216 891 1271 si
912 1216 977 1290 quis
997 1237 1115 1273 uxorem
1135 1219 1209 1276 alte·

141 1310 204 1366 rius
223 1318 323 1366 contra
342 1309 434 1384 Iegem
455 1307 554 1364 tulerit
575 1309 665 1365 Adel.
687 1306 739 1367 III.
759 1305 814 1369 763
835 1305 858 1362 si
878 1305 943 1380 quis
962 1305 1077 1362 illicitas
1093 1310 1208 1384 nuptias

146 1399 337 1464 contraxerit,
357 1397 538 1474 separabitur
558 1397 596 1453 ab
616 1416 704 1454 uxore
723 1416 775 1454 sua
796 1395 886 1452 Ado.
906 1394 961 1459 Ill,
980 1395 1026 1452 77.
1050 1394 1098 1472 Os.
1120 1399 1210 1455 mari·

141 1497 189 1543 tus
210 1496 238 1543 et
257 1486 385 1565 nuptiae.

105 1665 349 1741 Vapulare:
378 1683 476 1722 servus
508 1664 623 1739 vapulet
650 1664 827 1741 (vapuletur)
857 1662 913 1728 III,
932 1663 959 1720 7.
982 1663 1090 1732 XVIII,
1110 1669 1137 1726 2.
1160 1668 1209 1743 Of.

143 1754 281 1810 dominus
300 1762 328 1810 et
348 1772 453 1812 servus.

106 1863 182 1902 ven
195 1843 214 1898 d
227 1862 313 1901 erc:
345 1843 397 1917 qni
417 1841 595 1919 mancipium
614 1842 648 1898 in
667 1858 793 1918 paganas
813 1850 911 1917 gentes
930 1841 1090 1900 vendiderit
1116 1845 1211 1913 XVII,

145 1933 181 1996 53
203 1932 229 1988 si
259 1933 324 2006 quis
344 1931 470 1989 nobilem
495 1930 537 1988 vel
557 1929 682 1987 liberum
702 1939 785 1987 extra
803 1931 927 2006 patriam
948 1932 1110 1992 vendiderit
1129 1935 1211 2002 XXI,

148 2021 173 2078 l.
197 2018 245 2096 Os.
268 2021 409 2097 plagium.

108 2109 267 2169 veniret
295 2110 318 2166 si
339 2111 444 2167 vulnus
464 2107 502 2165 ad
521 2109 659 2165 interiora
680 2109 788 2166 venerit
808 2108 1025 2174 Add.111‚30.
1038 2109 1085 2184 Of.
1098 2115 1213 2175 vulnus.

107 2209 235 2257 vente
248 2219 281 2259 rs
311 2199 336 2255 si
355 2199 389 2255 in
409 2207 538 2255 ventrem
559 2199 752 2255 vulneraverit
770 2198 865 2256 XXII.
885 2197 932 2257 52.

111 2289 321 2346 verendas
351 2289 376 2344 si
404 2288 469 2362 quis
498 2287 653 2343 foeminam
674 2307 726 2364 per
744 2289 868 2345 verenda
886 2288 948 2345 eius
967 2294 1215 2366 comprehenderit

145 2378 245 2443 XXII,
264 2377 312 2435 89.
336 2376 383 2450 Cs.
404 2376 544 2434 mamilla.

111 2477 351 2527 veretrnms
381 2467 405 2523 si
436 2467 501 2542 quis
529 2475 672 2524 veretrum
701 2466 855 2524 absciderit
881 2467 977 2533 XXII,
1005 2468 1051 2528 57.
1084 2466 1130 2545 Of.
1159 2481 1216 2530 tes·

147 2557 267 2615 ticulus.

111 2647 447 2705 vestimentum:
474 2646 608 2703 dominus
636 2647 708 2702 servi
739 2647 771 2702 in
800 2647 966 2704 vestimento
985 2667 1035 2704 suo
1054 2669 1218 2708 sacramen·

150 2746 217 2793 tum
245 2755 299 2812 pro
327 2735 379 2793 iIIo
405 2735 537 2812 perficiat
556 2735 613 2799 III,
632 2733 667 2799 5,
689 2735 823 2791 dominus
843 2737 916 2792 servi
935 2735 967 2792 in
986 2738 1153 2796 vestimento
1171 2741 1219 2797 iu·

153 2844 223 2882 rare
241 2825 346 2901 poterit
365 2824 439 2890 XII,
461 2825 487 2882 Ι.
510 2823 557 2899 Os.
576 2833 787 2880 sacramentum
808 2833 837 2881 et
856 2825 962 2882 iurare.

113 2915 269 2972 vestis:
302 2913 346 2978 ΙΙ,
368 2913 420 2977 IIt
442 2917 481 2988 of.
502 2912 644 2969 utensilia.

118 3005 205 3062 vias
236 3004 260 3059 si
280 3003 354 3059 liber
374 3002 465 3060 libero
485 3002 515 3057 in
536 3002 584 3058 via
604 3020 706 3058 manns
725 3001 853 3057 iniecerit
871 3010 899 3059 et
918 3003 995 3059 viam
1015 3005 1221 3067 contradixerit

152 3093 245 3150 Actu.
277 3089 353 3156 IIIb,
391 3091 413 3148 1.
450 3110 481 3165 p.
515 3090 567 3155 353
602 3092 626 3147 si
655 3091 721 3166 quis
749 3092 781 3146 in
811 3091 933 3148 domiue
963 3093 1039 3151 viam
1070 3096 1217 3170 publicam

152 3179 306 3239 occluserit
345 3179 433 3239 Ado.
464 3178 516 3243 VI,
547 3180 582 3246 13
612 3181 634 3236 si
665 3200 695 3236 os
725 3181 832 3236 iactum
862 3181 893 3237 in
923 3191 1035 3239 scutum
1065 3193 1145 3240 trans
1163 3206 1219 3261 pu-

157 3272 267 3329 blicam
288 3270 363 3326 viam
382 3269 478 3326 audiri
496 3270 583 3345 possit
602 3267 695 3334 XXII,
716 3269 762 3326 71.
783 3269 830 3327 7²1.

116 3361 248 3418 villa:
278 3361 329 3433 qui
361 3377 449 3415 mann
477 3359 593 3416 collecta
623 3358 763 3414 hostiliter
783 3358 881 3416 villam
898 3357 941 3415 vel
962 3357 1080 3417 domum
1100 3362 1218 3422 alterius

156 3447 379 3506 circumdederit
400 3447 494 3508 XVII.
516 3447 552 3512 4,
573 3451 612 3522 of.
633 3448 665 3503 in
684 3457 764 3503 curte
784 3456 812 3503 et
831 3447 862 3503 in
885 3446 952 3504 villa
973 3448 1024 3515 IV,
1045 3450 1081 3517 93
1102 3455 1219 3526 cfffiur.

152 3540 192 3596 tis
213 3546 241 3594 et
261 3536 372 3594 domus.

118 3626 305 3685 violaret
336 3629 368 3699 a)
397 3627 448 3702 qui
478 3625 582 3702 templa
612 3626 731 3682 deorum
752 3626 866 3683 violavit
885 3635 939 3686 eto.
959 3628 1046 3688 Add.
1068 3630 1121 3697 XI,
1146 3634 1170 3692 I.
1191 3637 1219 3709 b)

154 3718 179 3774 si
199 3715 265 3790 quis
285 3715 421 3772 ancillam
444 3715 558 3772 violavit
578 3715 631 3780 IX,
650 3716 679 3773 3.
699 3714 735 3778 5;
756 3715 778 3771 si
799 3715 864 3790 quis
883 3717 1012 3791 puellam
1031 3720 1154 3779 liberam
1174 3744 1220 3780 ra-

163 3804 266 3882 puerit
286 3813 314 3860 et
334 3804 467 3861 violatam
489 3803 630 3861 dimiserit
649 3803 703 3868 IX,
719 3804 754 3867 83
775 3807 815 3877 os.
836 3814 1049 3882 oonstrnprare,
1069 3812 1223 3870 moechari.

121 3895 261 3970 virga:
294 3893 351 3949 duo
374 3894 422 3949 tali
443 3894 478 3949 de
498 3895 578 3969 virga
597 3894 718 3969 praecisi
738 3892 817 3954 XIV,
839 3892 864 3951 Ι.
888 3891 934 3968 Cf.
955 3915 1024 3953 sors.

121 3986 260 4060 virgo:
291 3983 316 4038 si
346 3982 410 4056 quis
440 3983 566 4058 puellam
588 3983 728 4058 virginem
749 3981 877 4057 rapuerit
897 3982 948 4048 IX,
969 3983 1005 4048 83
1026 3985 1049 4040 si
1070 3989 1175 4046 ancilla
1195 4001 1223 4048 et

160 4075 239 4148 virgo
258 4082 331 4136 erat,
349 4093 438 4147 quarn
459 4076 524 4148 quis
544 4073 659 4130 violavit
679 4072 729 4136 IX,
749 4071 777 4130 3.
802 4070 849 4146 Os.
869 4073 977 4148 puella,
996 4075 1130 4136 foemina.

122 4162 201 4219 vis:
229 4161 254 4217 si
284 4160 350 4236 quis
378 4183 437 4218 rem
467 4163 494 4219 vi
524 4163 652 4238 rapuerit
674 4161 755 4224 VIII,
778 4159 808 4225 l,
828 4161 851 4216 si
873 4162 976 4218 nobilis
996 4164 1094 4234 (liber,
1114 4176 1223 4246 servus)

161 4252 252 4306 libero
282 4251 399 4322 (nobili)
431 4252 456 4307 vi
488 4252 599 4324 aliquid
629 4251 778 4307 abstulerit
798 4250 939 4326 (sustulit)
961 4251 1012 4314 IX,
1036 4253 1079 4311 ll.
1105 4257 1147 4314 15.
1172 4261 1224 4318 17,

162 4341 238 4396 inter
266 4339 330 4396 litos
365 4341 405 4396 vis
432 4342 507 4396 faeta
537 4341 590 4404 IX,
624 4340 677 4402 163
697 4340 721 4396 si
741 4341 806 4414 quis
826 4359 939 4396 servum
960 4342 1077 4400 alterius
1098 4366 1147 4421 per
1169 4350 1223 4406 vim

161 4428 275 4486 sustulit
306 4430 435 4505 pIgnoris
467 4430 583 4486 nomine
613 4431 701 4487 Adel.
731 4428 815 4492 VIII,
835 4427 869 4492 2³
891 4431 933 4486 vis
954 4431 982 4488 in
1005 4433 1093 4509 duplo
1113 4455 1226 4513 compo·

1045 4528 1086 4589 14
