3144 5460
508 599 579 643 unx
600 598 806 647 narsronmr.
1187 593 1227 641 XI

125 803 275 868 Vlieland
307 802 348 866 ad
372 801 506 866 insulam
531 801 651 866 Texele
676 802 865 888 pertinebat,
890 809 1027 864 testante
1052 797 1225 882 diplomate

125 909 199 971 anni
234 908 324 972 1314
355 905 504 986 laudato,
536 916 621 972 terra
653 907 773 972 Texele
806 907 865 970 sita
897 916 965 970 erat
993 904 1076 968 inter
1100 901 1227 966 Mares·

125 1013 198 1098 diep
231 1025 263 1077 et
294 1011 362 1089 Fli,
396 1035 461 1097 quo
493 1011 648 1096 probatur
680 1035 788 1078 errare
822 1012 878 1097 qui
902 1017 1067 1086 censeant,
1090 1007 1226 1072 fluvium

125 1117 265 1182 Flevum
298 1127 374 1182 tunc
407 1115 576 1181 defluxisse
608 1140 666 1203 per
698 1117 901 1202 Maresdiep,
934 1117 1037 1181 sinum
1068 1112 1228 1199 quendam

126 1225 221 1287 maris
246 1246 345 1307 prope
370 1221 496 1286 Helder
520 1222 625 1286 situm.

173 1328 333 1412 Tempore
366 1328 446 1414 legis
478 1325 662 1392 Frisionum
693 1327 811 1391 fluvius
841 1326 894 1391 Fli
919 1327 999 1413 (quo
1024 1326 1167 1400 nomine,
1192 1333 1230 1387 ut

128 1433 301 1518 explicavi,
337 1432 441 1496 medio
478 1454 557 1496 aevo
593 1455 656 1496 non
694 1431 782 1496 lacus
818 1431 1005 1516 Zuyderaee
1030 1430 1229 1506 declaratur,

128 1537 185 1602 sed
231 1547 353 1600 meatus
386 1534 527 1600 eiusdem
569 1537 601 1599 in
637 1559 726 1600 mare
766 1535 1028 1622 septentrionale)
1070 1534 1231 1620 separavit

126 1641 263 1706 Frisiam
298 1639 527 1704 occidentalem
563 1652 594 1704 et
630 1642 832 1717 orientalem3
870 1641 943 1704 vide
979 1639 1120 1724 capitula
1148 1639 1229 1726 legis

127 1771 158 1833 p.
183 1747 220 1810 X
256 1745 387 1809 laudata
409 1750 446 1806 ¹5.
505 1745 601 1810 Anno
629 1748 694 1811 782
720 1771 753 1832 p.
771 1745 936 1811 Christum
960 1745 1123 1810 Frisiones
1148 1744 1231 1809 occi·

128 1852 271 1917 dentales
295 1874 357 1914 non
384 1865 474 1914 eraut
498 1851 573 1915 socii
597 1850 794 1916 Widukindi
817 1852 907 1916 ducis
929 1849 1104 1929 Saxonum,
1120 1865 1231 1915 contra

128 1957 287 2021 Karolum
319 1979 429 2042 regem
458 1979 517 2042 pro
542 1957 602 2021 diis
626 1958 738 2041 patriis
763 1968 794 2021 et
819 1957 965 2020 libertate
991 1957 1123 2040 antiqua
1147 1978 1231 2042 pug-

129 2064 250 2139 nantis3
290 2061 452 2125 Frisiones
500 2063 532 2125 in
574 2074 665 2146 parte
705 2062 852 2126 orientali
892 2061 986 2125 Flevi
1027 2061 1173 2124 sedentes
1213 2083 1230 2122 e

130 2168 288 2233 contrario
325 2178 402 2231 tunc
438 2167 522 2231 bello
558 2163 722 2231 Saxonum
760 2167 994 2244 interfuerunt,
1031 2165 1231 2230 Francorum

130 2273 309 2359 praefectos
341 2295 380 2335 ex
413 2283 499 2334 terra
528 2273 741 2358 expulerunt,
766 2295 803 2336 ac
828 2269 1049 2336 Widulxindus
1074 2269 1171 2348 Saxo,
1196 2281 1234 2333 ut

130 2387 357 2441 commemorat
392 2376 554 2440 altfridus
590 2378 622 2441 in
655 2377 734 2442 Vita
766 2377 941 2464 Liudgeri:
973 2399 1067 2462 osque
1091 2379 1135 2445 ad
1158 2368 1234 2440 Fleo

122 2484 256 2566 flam'nm
282 2484 360 2567 fecit
394 2475 548 2546 Frisionca
589 2482 701 2546 Christi
724 2485 826 2570 fidem
861 2484 1038 2566 relinquere.
1075 2519 1120 2530 -
1157 2479 1234 2546 Sae-

131 2587 203 2651 culo
236 2588 330 2651 tertio
363 2586 486 2650 decimo
519 2585 681 2652 Frisiones
711 2587 923 2652 occidentales
947 2610 1011 2650 non
1037 2598 1236 2651 accesserant

130 2694 163 2756 in
199 2691 314 2756 foedus
349 2691 432 2754 illud
468 2691 653 2756 Frisionum
688 2693 772 2758 inter
796 2693 848 2756 Fli
874 2705 905 2756 et
938 2691 1121 2769 Wisaram‚
1149 2689 1236 2774 quod

131 2798 227 2883 plura
262 2795 404 2859 condidit
440 2807 577 2872 statuta,
615 2796 762 2880 quorum
791 2797 1045 2881 antiquissimum
1077 2807 1238 2881 „septen-

134 2901 235 2965 decim
260 2899 446 2988 petitiones''
470 2901 667 2964 nominatum
692 2903 856 2965 constituit
880 2899 1060 2965 foederatos
1085 2924 1147 2965 nou
1170 2924 1237 2965 esse

131 3017 257 3070 coactos
283 3006 482 3083 „exercitum
515 3004 633 3070 ducere
659 3006 875 3071 ulterius
911 3029 1083 3070 versus
1120 3007 1236 3071 occi·

132 3111 316 3175 dentem
357 3133 488 3194 quam
526 3133 675 3195 usque
713 3111 814 3176 Fli’'.

180 3322 212 3408 c)
249 3319 509 3384 Laubachi.
564 3320 723 3385 Fluminis
759 3321 927 3386 Laubachi
964 3324 1154 3386 mentionem
1191 3323 1238 3386 fa-

133 3427 223 3490 ciunt
246 3427 281 3489 hi
304 3425 385 3489 loci:

180 3530 254 3594 Lex
285 3529 468 3594 Frisionum
498 3530 607 3610 XIV,
638 3534 657 3594 2
684 3541 716 3596 et
740 3531 829 3597 Add.
852 3531 925 3610 III,
953 3535 1016 3598 78:
1041 3537 1119 3598 inter
1147 3515 1237 3598 Lau..

135 3638 225 3700 dcclii
256 3658 291 3731 op
322 3630 450 3699 Flebam
458 3660 466 3712 3
503 3636 577 3700 ibid.
614 3637 685 3716 IV,
719 3641 749 3704 4.
783 3637 892 3716 XVI,
932 3640 967 3702 l:
997 3642 1075 3704 inter
1098 3641 1241 3704 Lechaei

132 3925 224 3974 tissimi
242 3925 358 3974 Eekhoff
373 3923 557 3975 Geschiedenis
576 3927 621 3976 der
638 3928 796 3992 Middelzee.
812 3928 990 3978 Lecuwarden
1012 3933 1075 3977 1834
1092 3937 1117 3977 et
1136 3929 1239 3981 Otteme

131 4006 157 4053 sn
184 4005 226 4053 ne
244 4005 316 4068 vaje
333 4004 415 4055 raes.
440 4009 503 4054 rara
522 4006 570 4055 Ν.
590 4023 615 4071 p.
637 4011 769 4055 105-214
788 4015 813 4056 a
831 4009 857 4054 rn
883 4007 936 4056 ua
953 4007 1027 4056 Mar
1043 4008 1135 4058 nrevo.
1152 4011 1238 4060 naeu·
1261 3997 1264 4002 ’

131 4086 233 4134 werden
253 4089 333 4144 1854,
353 4085 385 4134 de
403 4085 452 4133 hnc
470 4101 497 4134 re
516 4087 732 4150 disputaverunt,
752 4088 804 4135 alio
823 4089 882 4136 loco
900 4088 1027 4136 refellam.

168 4169 197 4213 15
233 4165 325 4214 Plures
350 4165 489 4228 scriptores
516 4168 672 4216 recentiores
697 4175 789 4232 putant
806 4167 913 4216 fluvium
930 4168 1043 4230 Isalam,
1060 4181 1142 4232 prope
1159 4171 1240 4222 Kam-

130 4258 181 4308 pen
197 4246 224 4293 in
242 4245 328 4294 lacum
344 4243 493 4308 Znyderzee
512 4245 683 4306 defluentem,
704 4248 790 4296 medio
809 4262 872 4298 aevo
895 4262 989 4298 nomen
1007 4249 1050 4296 Fli
1067 4249 1190 4302 habuisse
1208 4267 1239 4302 ae

131 4324 264 4374 Frisiones
288 4324 462 4374 occidentales
490 4334 515 4374 et
543 4327 682 4378 orientales
709 4341 858 4392 separasse,
875 4328 935 4377 vide
953 4328 1024 4376 verbi
1042 4329 1142 4391 gratia:
1160 4331 1240 4384 Zeuss

134 4403 191 4453 Die
219 4404 243 4452 D
288 4405 360 4454 chen
388 4420 414 4468 p.
444 4407 499 4453 137.
536 4405 622 4457 Waitz
647 4408 681 4458 D.
700 4407 814 4458 Verfass.
833 4406 865 4457 G.
884 4408 933 4456 111.
951 4423 976 4471 p.
999 4411 1054 4456 108.
1089 4408 1188 4462 Stobbe
1207 4418 1241 4467 D.
