3144 5460
514 599 584 644 Lux
604 595 810 644 salmonum.
1122 599 1213 645 xxix

120 799 271 885 quissima
296 798 478 866 Frisiorum
502 801 680 887 posteriore
703 812 846 887 tempore
871 813 966 866 aucta
990 812 1022 867 et
1049 801 1217 869 emendata

120 917 186 986 est,
210 928 317 992 neque
353 917 458 970 tamen
485 906 541 992 qui
574 905 637 992 legi
662 905 803 993 capitula
826 907 984 992 quaedam
1009 906 1218 989 adiecerunt,

118 1013 224 1098 iisque
254 1012 305 1076 ius
338 1035 456 1078 novum
488 1012 521 1075 in
546 1009 650 1077 Frisia
674 1011 905 1093 condiderunt,
930 1013 1077 1100 antiquas
1101 1014 1220 1078 consti-

120 1119 259 1183 tutiones
291 1140 310 1182 a
345 1128 438 1182 textu
473 1118 553 1204 legis
590 1128 813 1196 removerunt3
849 1141 914 1204 quo
946 1117 1067 1185 factum
1091 1130 1157 1200 est,
1180 1130 1218 1186 ut

119 1223 299 1309 permultae
330 1223 573 1288 constitutiones
602 1221 820 1311 discrepantes
850 1225 884 1289 in
917 1225 988 1313 lege
1011 1236 1120 1290 nostra
1143 1223 1217 1290 Fri·

121 1331 247 1393 sionum
278 1328 384 1392 iocum
415 1328 572 1407 habeant,
604 1349 688 1413 quae
716 1351 780 1394 non
804 1329 869 1393 sint
891 1327 1132 1416 intelligendae,
1157 1330 1218 1394 nisi

121 1433 226 1522 legem
257 1434 358 1519 ipsam
389 1433 421 1497 in
452 1442 577 1520 partes,
611 1457 650 1498 ex
685 1433 801 1520 quibus
825 1435 866 1499 sit
889 1434 1081 1520 composita,
1106 1431 1220 1500 dissol-

121 1541 271 1605 verimus.
317 1538 357 1603 In
390 1538 650 1604 adnotationibus
674 1539 716 1604 ad
740 1540 867 1628 singula
889 1539 970 1628 legis
995 1538 1137 1627 capitula
1160 1563 1219 1627 ap·

119 1641 231 1727 positis
269 1641 511 1706 constitutiones
550 1639 760 1706 animadverti
800 1639 960 1721 dissonas,
1002 1665 1086 1729 quae
1125 1645 1216 1711 nobis

121 1747 192 1813 aliis
216 1748 249 1812 in
273 1746 421 1833 capitulis
444 1746 525 1832 legis
549 1757 734 1826 occurrunt,
757 1747 819 1812 hoc
842 1769 921 1814 vero
945 1747 1015 1813 loco
1039 1771 1146 1814 meum
1169 1759 1218 1816 est

121 1875 276 1917 summam
307 1852 414 1917 facere
445 1850 646 1916 additionum
678 1852 712 1916 in
742 1862 868 1917 textum
892 1852 973 1939 legis
997 1864 1217 1940 receptarum,

121 1981 161 2023 ex
193 1957 311 2044 quibus
342 1967 449 2044 partes
473 1956 572 2045 legis,
596 1956 730 2022 diversis
754 1957 952 2044 temporibus
975 1959 1128 2044 scriptae,
1155 1962 1219 2026 sint

122 2062 375 2152 distinguendae.

168 2169 263 2235 Duae
286 2169 367 2257 legis
391 2177 497 2254 partes
522 2165 666 2232 diversae
690 2167 830 2254 primum
854 2179 929 2232 suut
957 2167 1192 2236 observandae:

168 2378 211 2444 A.
258 2379 375 2444 Pars
412 2377 538 2465 legis
574 2399 693 2463 quae
729 2379 950 2464 pertinet
984 2376 1037 2443 ad
1073 2379 1217 2446 solam

122 2486 329 2554 Frisium
366 2484 578 2564 mediam,
620 2483 703 2548 inter
742 2482 795 2547 Fli
836 2494 868 2548 ct
906 2482 1075 2549 Laubachi
1116 2486 1218 2552 sitam.

122 2590 345 2660 Dubitandum
368 2614 433 2658 non
456 2599 522 2670 est,
546 2589 625 2675 quin
647 2589 728 2654 haec
751 2589 793 2654 sit
816 2589 958 2654 omnium
982 2591 1219 2676 antiquissima,

122 2699 216 2785 cique
239 2720 354 2763 nomen
378 2696 456 2782 legis
480 2694 717 2785 antiquissimae
739 2695 868 2780 impono
894 2695 952 2781 (Ξ
974 2693 1018 2780 Ι).

169 2804 208 2871 Β.
256 2803 373 2870 Pars
409 2801 567 2866 altera
602 2799 746 2885 legis,
785 2821 903 2884 quac
934 2801 1219 2884 partinota·

122 2922 198 2975 tae
238 2919 309 2973 est
348 2905 591 2993 opposita,
632 2913 777 2992 atque
816 2903 869 2978 ad
905 2926 1081 2978 omnem
1121 2904 1221 2973 Fri-

121 3016 235 3080 siam
271 3012 491 3100 pertinet
530 3011 615 3076 inter
654 3009 791 3077 fluvium
824 3007 949 3080 Sinkfal
986 3021 1019 3084 ct
1055 3009 1216 3086 Wisaram

121 3122 223 3186 sitam.
271 3118 368 3183 Hanc
398 3128 541 3205 partem,
574 3114 614 3182 ad
645 3104 783 3186 Frisium
814 3115 1000 3184 orientalem
1024 3117 1120 3182 stiam
1142 3141 1219 3214 pers

121 3227 293 3303 tinentem,
317 3237 391 3289 ante
414 3246 535 3289 annum
560 3226 579 3287 7
584 3222 626 3288 85
652 3223 804 3309 scriptam
827 3245 892 3287 non
916 3245 1002 3303 esse,
1024 3223 1088 3289 iam
1120 3247 1220 3314 supra

121 3331 296 3418 explicavi,
332 3329 409 3416 qnia
444 3328 550 3395 Frisia
586 3328 749 3394 orientalis
784 3337 880 3398 antea
915 3350 979 3400 non
1014 3339 1083 3393 erat
1117 3352 1219 3420 regno

120 3436 321 3511 Francorum
344 3435 497 3500 subiecta.

168 3543 313 3607 Dicta
355 3550 509 3604 autem
549 3537 677 3626 legis
717 3560 825 3625 pars
865 3537 1039 3618 altera,
1082 3562 1219 3625 quam

119 3648 313 3735 aprima
336 3645 528 3711 secrevi
552 3647 612 3735 (ς
638 3641 702 3732 Β),
733 3654 771 3709 ut
801 3644 904 3731 ipsam
935 3631 1116 3711 accuratius
1141 3670 1217 3717 exus

119 3741 292 3826 minantem
331 3773 395 3818 non
434 3760 638 3838 praetereat,
677 3770 849 3815 rursus
888 3745 1076 3813 duabus
1115 3775 1217 3838 par-v

119 3859 252 3934 tibus
288 3853 782 3944 constat(=IIetIII).
1117 3872 1120 3877 ·

167 3965 340 4040 Harum
376 3961 586 4049 partium
621 3957 879 4036 secundas,
910 3979 1042 4043 quam
1078 3963 1219 4038 tertis

118 4095 182 4145 am
218 4069 366 4137 omnis
401 4067 528 4157 legis
564 4064 748 4133 nomino
784 4062 958 4156 (2111),
993 4065 1039 4130 in
1074 4075 1216 4148 textu

120 4177 247 4267 legis
286 4173 387 4250 fere
427 4172 606 4258 ubique
645 4193 733 4238 vox
779 4166 915 4236 Additio
953 4169 1217 4258 adscripta

119 4294 209 4361 est3
241 4282 286 4345 in
315 4277 474 4346 'eadem
506 4274 791 4345 numerandi
822 4283 933 4341 sunt
970 4274 1067 4342 loci
1090 4277 1217 4366 legis

122 4396 401 4486 sequentes
1143 4373 1155 4382 ”
