3156 5464
475 570 591 635 Iunnx
615 573 751 636 Ituuun.
1130 578 1191 640 145

130 766 184 829 76,
216 769 289 821 elcut
319 763 354 820 de
383 781 473 820 manu
503 765 642 841 scriptum
672 774 724 829 est,
753 765 841 821 itaet
860 766 892 821 in
912 765 985 841 pede
1004 778 1192 844 componatur

128 853 225 917 XXII,
244 853 291 910 64.
311 854 361 917 79,
382 854 434 928 qui
454 856 638 930 harpatorem
659 854 832 930 (aurificem,
852 855 1009 913 foeminam
1028 858 1135 914 fresam
1146 859 1191 915 fa-

127 944 263 1018 cientem)
293 945 325 999 in
356 961 446 998 manu
476 944 657 1018 percusserit,
684 951 837 1020 componat
865 944 1015 1003 etc.Iud.
1037 943 1124 1004 Wur.
1147 947 1199 1015 10,

131 1032 176 1089 ll.
211 1032 260 1104 Of.
281 1032 439 1089 brachium.
461 1035 489 1108 b)
509 1033 559 1107 qui
579 1032 669 1088 facem
693 1052 780 1088 manu
803 1041 878 1088 tenet
898 1033 935 1098 V,
960 1035 994 1099 Ι,
1013 1035 1037 1092 si
1056 1037 1193 1110 quislibet

127 1122 219 1177 telum
251 1139 340 1177 manu
370 1131 445 1178 tenet
475 1121 563 1179 Adel.
584 1121 642 1186 ΙΙΙ,
663 1121 720 1188 69,
739 1122 789 1196 qui
811 1123 920 1178 bomini
939 1143 1045 1181 manus
1064 1126 1194 1183 iniecerit

128 1210 224 1275 XXII,
254 1209 308 1272 82:
329 1210 417 1266 soleat
439 1229 505 1266 eum
524 1212 597 1266 sicut
617 1230 706 1266 manu
726 1231 777 1267 sua
796 1211 940 1268 occidisset
962 1212 987 1277 I,
1016 1213 1060 1272 lt.
1084 1218 1121 1288 c.)
1141 1235 1193 1271 sua

127 1298 217 1355 solius
245 1317 333 1356 manu
363 1309 574 1356 sacramentnm
606 1319 741 1375 peragere
772 1299 860 1356 Add.
891 1300 950 1365 ΙΙΙ,
971 1301 1023 1365 49,
1043 1323 1095 1359 sua
1114 1313 1193 1360 sexta

128 1389 258 1464 (quarta)
290 1407 378 1444 manu
410 1398 625 1445 sacramentum
655 1389 785 1464 perficiat
816 1390 916 1463 (iuret)
946 1390 972 1455 I,
1006 1390 1049 1449 79.
1081 1392 1121 1449 ΙΙ.
1149 1392 1194 1450 10.

127 1477 187 1540 ΙΙΙ,
207 1477 233 1534 3.
257 1477 284 1534 4.
303 1477 356 1540 VI,
379 1478 408 1540 Ι,
429 1497 481 1533 sua
501 1478 670 1534 duodecima
692 1498 829 1534 manusc
850 1479 1192 1553 purificaresacramento

128 1566 208 1629 XIV,
231 1566 263 1630 Ι,
285 1586 336 1622 sua
356 1566 526 1622 duodecima
547 1585 634 1622 mann
655 1567 824 1642 perfectorio
844 1568 1078 1644 (purifactorioi)
1098 1589 1193 1626 sacra·

127 1664 226 1711 mento
245 1673 274 1710 se
293 1673 427 1710 excusare
446 1655 526 1718 XIV,
547 1655 583 1718 2:
603 1655 679 1711 solus
699 1655 773 1712 iuret
794 1656 824 1711 in
846 1675 934 1712 :nanu
953 1659 1078 1733 proximi
1101 1661 1191 1722 Add.

128 1744 206 1808 llll,
238 1745 249 1799 Ι
284 1764 314 1819 p.
336 1743 389 1807 35:
412 1746 451 1815 cf.
471 1744 577 1801 iurare.
599 1745 633 1816 d)
653 1763 772 1800 manum
793 1763 875 1800 suam
895 1747 1017 1803 redimat
1037 1748 1096 1813 ΙΙΙ,
1113 1747 1141 1806 8.
1164 1748 1191 1806 9.

128 1833 166 1897 Χ,
201 1833 220 1887 l.
255 1836 281 1904 e)
300 1834 352 1906 qui
372 1851 460 1888 manu
480 1832 596 1888 collecta
615 1833 756 1888 hostiliter
776 1833 875 1890 rillarn
895 1835 1012 1890 alterius
1031 1836 1192 1892 circumde-

128 1923 205 1978 derit
224 1921 319 1986 XVII,
338 1920 366 1977 4.

91 2031 212 2069 mare:
242 2010 358 2066 ducitur
376 2009 413 2066 ad
435 2029 513 2066 mare
532 2019 559 2067 et
579 2010 745 2066 immolatur
766 2008 854 2068 Add.
874 2010 926 2076 XI,
950 2011 975 2069 Ι.

91 2101 277 2158 maritus:
307 2100 433 2156 foemina
461 2100 743 2176 incompositionem
765 2100 860 2156 mariti
881 2105 925 2157 sui
945 2110 1071 2158 transeat
1094 2101 1144 2168 vl,
1163 2102 1191 2160 2.

130 2190 178 2265 Cf.
201 2190 285 2253 liber,
304 2190 373 2244 litus
394 2199 422 2244 et
442 2209 523 2247 uxor.

90 2280 309 2337 masculus:
342 2278 430 2333 solvat
452 2279 603 2334 mulierem
624 2279 769 2352 (occisam)
789 2281 861 2334 sicut
883 2280 1044 2336 masculum
1063 2279 1191 2336 eiusdem

127 2368 300 2425 conditionis
321 2366 410 2423 Add.
430 2366 467 2430 V,
489 2367 513 2423 l.

91 2467 237 2514 mater:
264 2455 361 2511 infans
391 2464 524 2511 enecatus
553 2475 571 2511 a
602 2464 693 2511 matre
722 2454 761 2518 V,
789 2455 823 2518 1:
853 2455 944 2512 solvat
964 2456 1087 2512 occisum
1108 2458 1195 2513 matri

128 2565 199 2603 suae
219 2544 300 2608 XIX,
319 2543 346 2600 2.

91 2635 279 2693 maxilla:
309 2635 333 2690 si
364 2634 512 2690 maxillam
543 2634 678 2691 inciderit
707 2634 909 2709 (transfixerit)
940 2633 1036 2697 XXII,
1070 2633 1114 2691 18.
1145 2635 1193 2693 85.

128 2724 217 2780 Arici.
239 2723 296 2786 ΙΙΙ,
320 2721 432 2779 11:65.

91 2814 459 2871 medicamentum:
493 2812 516 2867 si
550 2811 654 2867 vulnus
674 2809 882 2866 medicamento
902 2809 997 2865 claudi
1017 2828 1075 2865 uon
1095 2819 1195 2886 potne-

128 2905 167 2960 rit
190 2901 265 2958 Iard.
289 2899 374 2956 Wut
395 2900 423 2958 2.
447 2898 493 2974 Os.
514 2919 626 2956 sanare.

91 2991 255 3049 medius
275 2989 424 3065 (digitusp
456 2990 479 3044 ai
511 2989 638 3045 medium
659 2988 806 3064 (digitum)
826 2986 979 3043 absciderit
999 2986 1195 3064 (praeciderit)

128 3079 227 3142 XXII,
257 3078 303 3136 30.
335 3077 423 3136 Add.
452 3077 494 3142 II,
523 3079 559 3141 3:
589 3078 668 3152 quod
688 3079 794 3138 vulnus
814 3077 889 3133 iuter
908 3077 1040 3152 pollicem
1061 3086 1089 3134 et
1108 3080 1196 3136 medii

128 3170 213 3246 digiti
242 3188 387 3244 spannum
418 3168 537 3244 longum
566 3169 652 3225 fuerit
683 3167 781 3233 XXII,
809 3165 855 3224 67.
884 3165 971 3224 Add.
1000 3166 1195 3242 111,57.cs.

129 3260 159 3315 di
184 3261 248 3314 tus.

92 3278 300 3422 medbglla:
322 3348 346 3401 si
366 3346 431 3420 quis
451 3346 543 3402 allum
562 3347 602 3402 ita
622 3346 807 3420 percusserit,
824 3352 856 3399 ut
876 3361 936 3398 osse
955 3342 1045 3400 inciso
1062 3343 1197 3403 medulla

129 3437 265 3494 decurrat
284 3434 372 3491 Add.
393 3433 449 3496 ΙΙΙ,
469 3434 515 3491 33.
540 3433 587 3508 Os.
608 3433 725 3490 vulnus.

92 3523 273 3583 membra
285 3543 353 3582 na:
373 3524 543 3579 membrana
563 3542 620 3597 qua
640 3523 791 3578 cerebrum
811 3520 974 3577 continetur
989 3519 1084 3584 XXII,
1106 3521 1133 3580 7.
1156 3523 1195 3588 8,

131 3613 305 3671 membrana
324 3613 393 3686 quai
413 3631 479 3668 eccr
498 3619 526 3666 et
545 3611 626 3686 splen
645 3611 772 3687 pendent
791 3609 884 3674 XXII,
905 3610 962 3675 56:
983 3614 1021 3685 cf.
1042 3613 1199 3672 mithridri.

93 3704 337 3762 membrum:
368 3700 457 3758 Acta.
484 3700 525 3764 II,
552 3699 580 3757 2.
613 3700 669 3762 ΙΙΙ,
700 3700 747 3758 32.
780 3699 826 3757 46.
854 3700 929 3756 Iud.
953 3700 1039 3756 Wol.
1059 3700 1088 3758 8.
1109 3704 1197 3776 (qaro-

131 3803 204 3850 tuor
223 3795 275 3848 ao:
294 3794 370 3847 locos
389 3791 530 3846 lnardctcs
552 3789 753 3847 Wademarua
772 3790 911 3862 scripsit)

92 3899 362 3940 mensurare:
395 3880 515 3936 vulnera
546 3899 606 3936 nno
636 3879 693 3936 ictu
713 3881 790 3935 facta
810 3887 1016 3934 mensurantur
1035 3877 1129 3944 XXII,
1149 3880 1197 3948 75,

132 3970 182 4044 Of.
203 3969 309 4026 metiri.

92 4077 270 4117 merces:
300 4061 333 4132 a)
364 4057 543 4132 campionem
576 4057 704 4113 mercede
735 4055 893 4113 conducere
924 4055 1004 4119 XIV,
1035 4056 1063 4113 7.
1095 4055 1124 4132 ὁ)
1146 4059 1197 4132 qui

130 4149 223 4204 alium
254 4148 285 4202 in
314 4146 443 4224 periculo
474 4164 567 4220 aquae
588 4144 766 4210 liberaverit,
786 4144 946 4202 mercedem
967 4143 1089 4220 accipiat
1109 4145 1197 4205 Add.

132 4236 189 4300 III,
208 4237 255 4294 67.
278 4235 325 4309 Os.
346 4235 550 4292 remuneratio.

93 4344 304 4400 mergere:
333 4325 384 4401 qui
414 4325 505 4382 allum
530 4324 561 4380 ln
593 4342 697 4400 aquarn
719 4323 897 4400 ImpInxerit,
916 4323 957 4379 ita
987 4331 1019 4379 ut
1049 4335 1199 4402 mergatur

132 4415 225 4473 Adel.
245 4413 300 4478 Ill,
321 4413 366 4472 ll.
391 4411 437 4486 Of.
459 4431 544 4487 aqua.
