3144 5460
540 583 611 629 mx
632 583 828 630 mummium
1007 641 1010 648 .
1212 567 1232 630 9

122 800 247 864 matre3
297 795 364 880 (11.)
413 788 491 852 etsi
516 789 577 853 hoc
601 788 763 875 quaelibet
787 787 925 852 foemina
949 787 1074 864 fecerit,
1101 788 1229 854 leudem

120 915 219 958 suam
244 895 313 984 regi
338 903 524 980 componat,
550 905 582 958 et
607 895 633 958 si
657 893 840 980 negaverit,
865 914 938 958 cum
963 892 995 957 V
1021 895 1115 959 iuret.

558 1261 587 1326 Τ
611 1261 629 1324 Ι
653 1258 692 1324 Τ.
740 1260 800 1326 VI.

412 1464 461 1509 m:
485 1462 668 1511 comucns
692 1462 884 1510 1cso1mms
903 1449 944 1510 ⁶⁹.

671 1649 694 1694 1.

173 1731 211 1799 Si
235 1733 336 1799 libera
359 1734 498 1800 foemina
521 1734 578 1800 lito
603 1736 759 1822 nupserit,
779 1734 922 1800 nesciens
942 1757 1015 1799 eum
1035 1735 1128 1800 litum
1149 1759 1228 1816 esse,

125 1850 158 1904 et
183 1839 236 1905 ille
257 1849 371 1926 postca
396 1838 435 1904 de
459 1841 563 1927 capite
587 1863 663 1921 suo,
695 1864 733 1906 eo
758 1841 846 1926 quod
870 1841 946 1905 litus
970 1842 1025 1918 sit,
1053 1841 1151 1907 fuerit
1175 1865 1230 1908 ca·

123 1945 318 2025 lumniatus,
350 1946 377 2010 si
412 1944 469 2011 illa
504 1968 563 2012 sua
598 1957 689 2011 sexta
719 1968 816 2010 manu
851 1947 959 2010 iurare
982 1947 1116 2031 poterit,
1141 1948 1229 2032 quod

124 2061 295 2137 postquam
320 2073 393 2116 eum
417 2052 511 2116 litum
534 2073 604 2116 esse
628 2051 766 2132 rescivit,
791 2074 864 2138 cum
888 2074 926 2116 eo
950 2074 1014 2115 non
1038 2055 1230 2118 concumbe·

125 2167 185 2234 ret,
202 2157 272 2242 ipsa
288 2156 389 2220 libera
406 2168 602 2244 permaneat,
618 2169 651 2222 ct
666 2156 723 2223 filii
745 2180 825 2242 quos
838 2158 1037 2243 procreavit3
1086 2158 1153 2245 (11.)
1202 2159 1228 2223 si

125 2284 204 2325 vero
236 2263 344 2327 iurare
376 2284 439 2326 non
463 2264 580 2349 possit,
616 2264 933 2350 incompositionem
959 2262 1064 2328 mariti
1089 2264 1139 2330 sui
1163 2286 1229 2328 uno

125 2390 200 2431 cum
224 2366 295 2432 filiis
319 2369 386 2432 suis
409 2378 560 2436 transeat.

522 2728 551 2793 Τ
575 2729 594 2794 Ι
618 2728 657 2793 Τ.
705 2727 777 2793 VH
796 2731 836 2792 ⁷⁰.

555 2926 604 2972 ns
627 2924 749 2971 sotim
770 2909 811 2970 ⁷¹.

665 3106 687 3151 1.

171 3194 205 3262 Si
238 3197 311 3282 quis
341 3196 471 3261 domum
503 3193 634 3260 alterius
662 3193 855 3271 incenderit,
887 3192 988 3278 ipsam
1012 3192 1225 3272 domum,.et

124 3303 277 3389 quicquid
301 3303 333 3367 in
358 3325 396 3368 ea
420 3312 655 3367 concrematum
680 3310 747 3376 cst,
771 3299 804 3363 in
830 3296 929 3383 duplo
952 3309 1131 3383 componat.

635 3423 663 3468 11
682 3406 723 3466 ⁷².

100 3571 102 3576 .
169 3511 204 3579 Si
229 3525 337 3578 autem
361 3513 525 3578 dominum
549 3511 662 3575 domus
685 3509 820 3574 flammis
844 3531 884 3573 ex
907 3508 977 3594 ipsa
997 3506 1091 3574 domo
1111 3506 1222 3596 egredi

122 3619 291 3705 compulit,
331 3630 363 3684 et
399 3641 562 3706 egressum
599 3615 733 3694 occidit,
772 3625 942 3701 componat
981 3637 1055 3678 eum
1094 3615 1222 3692 novies,

122 3726 343 3812 cuiuscunque
377 3724 475 3790 fuerit
510 3722 717 3800 conditionis,
754 3722 821 3786 sive
854 3719 986 3796 nobilis,
1023 3721 1090 3784 sivo
1121 3718 1222 3798 liber,

123 3833 188 3896 sive
221 3832 299 3896 litus
331 3832 380 3895 sit.
428 3829 522 3895 Haec
546 3829 731 3893 constitutio
756 3850 797 3891 ex
819 3825 924 3891 edicto
948 3825 1034 3912 regis
1058 3825 1221 3909 processit.

45 3925 47 3930 ¹
172 3939 269 4002 Trans
304 3937 446 4002 Loubaci
483 3937 516 3998 ic
546 3935 675 4020 fredam
709 3933 809 3996 novies
843 3932 996 4016 componit
1030 3931 1222 4009 wereqildum

122 4068 206 4109 sotim
225 4045 265 4106 ⁷³.
