<?xml version="1.0" encoding="UTF-8"?>
<!DOCTYPE html PUBLIC "-//W3C//DTD XHTML 1.0 Transitional//EN"
    "http://www.w3.org/TR/xhtml1/DTD/xhtml1-transitional.dtd">
<html xmlns="http://www.w3.org/1999/xhtml" xml:lang="en" lang="en">
 <head>
  <title>
</title>
<meta http-equiv="Content-Type" content="text/html;charset=utf-8" />
  <meta name='ocr-system' content='tesseract 3.04.00' />
  <meta name='ocr-capabilities' content='ocr_page ocr_carea ocr_par ocr_line ocrx_word'/>
</head>
<body>
  <div class='ocr_page' id='page_1' title='image "./delexfrisionumu00saxmgoog_0045.png"; bbox 0 0 3144 5460; ppageno 0'>
   <div class='ocr_carea' id='block_1_1' title="bbox 511 533 1208 586">
    <p class='ocr_par' dir='ltr' id='par_1_1' title="bbox 511 533 1208 586">
     <span class='ocr_line' id='line_1_1' title="bbox 511 533 1208 586; baseline -0.01 0"><span class='ocrx_word' id='word_1_1' title='bbox 511 540 582 586; x_wconf 76' lang='lat' dir='ltr'><strong>LEX</strong></span> <span class='ocrx_word' id='word_1_2' title='bbox 603 537 809 586; x_wconf 68' lang='lat' dir='ltr'><strong>sermonum.</strong></span> <span class='ocrx_word' id='word_1_3' title='bbox 1079 533 1208 581; x_wconf 78' lang='lat' dir='ltr'><strong>xxxvn</strong></span> 
     </span>
    </p>
   </div>
   <div class='ocr_carea' id='block_1_2' title="bbox 99 741 1213 3772">
    <p class='ocr_par' dir='ltr' id='par_1_2' title="bbox 99 741 1213 3772">
     <span class='ocr_line' id='line_1_2' title="bbox 109 741 1209 828; baseline -0.002 -20"><span class='ocrx_word' id='word_1_4' title='bbox 109 745 185 808; x_wconf 86' lang='lat' dir='ltr'><strong>tiam</strong></span> <span class='ocrx_word' id='word_1_5' title='bbox 210 745 272 810; x_wconf 89' lang='lat' dir='ltr'><strong>viri</strong></span> <span class='ocrx_word' id='word_1_6' title='bbox 295 743 470 809; x_wconf 83' lang='lat' dir='ltr'><strong>doctissimi</strong></span> <span class='ocrx_word' id='word_1_7' title='bbox 494 742 604 808; x_wconf 84' lang='lat' dir='ltr'><strong>Waitz</strong></span> <span class='ocrx_word' id='word_1_8' title='bbox 625 742 791 808; x_wconf 88' lang='lat' dir='ltr'><strong>Deutsche</strong></span> <span class='ocrx_word' id='word_1_9' title='bbox 807 741 1209 828; x_wconf 82' lang='lat' dir='ltr'><strong>Verfassungsgesehichte</strong></span> 
     </span>
     <span class='ocr_line' id='line_1_3' title="bbox 109 847 1209 934; baseline 0 -22"><span class='ocrx_word' id='word_1_10' title='bbox 109 847 176 913; x_wconf 87' lang='lat'>111.</span> <span class='ocrx_word' id='word_1_11' title='bbox 201 871 231 934; x_wconf 91' lang='lat' dir='ltr'><strong>p.</strong></span> <span class='ocrx_word' id='word_1_12' title='bbox 259 851 334 913; x_wconf 88' lang='grc'>144.</span> <span class='ocrx_word' id='word_1_13' title='bbox 371 849 455 926; x_wconf 84' lang='lat'><strong>304,</strong></span> <span class='ocrx_word' id='word_1_14' title='bbox 480 849 537 932; x_wconf 90' lang='lat' dir='ltr'><strong>qui</strong></span> <span class='ocrx_word' id='word_1_15' title='bbox 561 849 710 934; x_wconf 85' lang='lat' dir='ltr'><strong>exponit,</strong></span> <span class='ocrx_word' id='word_1_16' title='bbox 734 848 848 913; x_wconf 89' lang='lat' dir='ltr'><strong>ducem</strong></span> <span class='ocrx_word' id='word_1_17' title='bbox 872 847 905 911; x_wconf 93' lang='lat' dir='ltr'><strong>in</strong></span> <span class='ocrx_word' id='word_1_18' title='bbox 929 848 1001 934; x_wconf 85' lang='lat' dir='ltr'><strong>legs</strong></span> <span class='ocrx_word' id='word_1_19' title='bbox 1024 847 1209 914; x_wconf 83' lang='lat' dir='ltr'><strong>Frisionum</strong></span> 
     </span>
     <span class='ocr_line' id='line_1_4' title="bbox 112 952 1210 1034; baseline 0.002 -15"><span class='ocrx_word' id='word_1_20' title='bbox 112 953 229 1020; x_wconf 90' lang='lat' dir='ltr'>XVII.</span> <span class='ocrx_word' id='word_1_21' title='bbox 253 975 278 1018; x_wconf 91' lang='lat' dir='ltr'><strong>c.</strong></span> <span class='ocrx_word' id='word_1_22' title='bbox 304 957 324 1019; x_wconf 81' lang='lat'>2</span> <span class='ocrx_word' id='word_1_23' title='bbox 350 965 382 1018; x_wconf 94' lang='lat' dir='ltr'><strong>et</strong></span> <span class='ocrx_word' id='word_1_24' title='bbox 407 955 427 1018; x_wconf 87' lang='lat'><strong>3</strong></span> <span class='ocrx_word' id='word_1_25' title='bbox 452 953 649 1020; x_wconf 85' lang='lat' dir='ltr'><strong>nominatum</strong></span> <span class='ocrx_word' id='word_1_26' title='bbox 674 952 861 1018; x_wconf 86' lang='lat' dir='ltr'><strong>confirmare</strong></span> <span class='ocrx_word' id='word_1_27' title='bbox 878 954 1065 1019; x_wconf 80' lang='lat' dir='ltr'><strong>sententiam</strong></span> <span class='ocrx_word' id='word_1_28' title='bbox 1082 977 1210 1034; x_wconf 89' lang='lat' dir='ltr'><strong>eornm,</strong></span> 
     </span>
     <span class='ocr_line' id='line_1_5' title="bbox 109 1057 1209 1148; baseline 0.004 -24"><span class='ocrx_word' id='word_1_29' title='bbox 109 1061 166 1145; x_wconf 90' lang='lat' dir='ltr'><strong>qui</strong></span> <span class='ocrx_word' id='word_1_30' title='bbox 201 1068 316 1146; x_wconf 88' lang='lat' dir='ltr'><strong>putent</strong></span> <span class='ocrx_word' id='word_1_31' title='bbox 350 1059 454 1146; x_wconf 87' lang='lat' dir='ltr'><strong>legem</strong></span> <span class='ocrx_word' id='word_1_32' title='bbox 478 1059 628 1144; x_wconf 82' lang='lat' dir='ltr'><strong>scriptam</strong></span> <span class='ocrx_word' id='word_1_33' title='bbox 652 1080 721 1124; x_wconf 91' lang='lat' dir='ltr'><strong>esse</strong></span> <span class='ocrx_word' id='word_1_34' title='bbox 745 1069 819 1125; x_wconf 90' lang='lat' dir='ltr'><strong>ante</strong></span> <span class='ocrx_word' id='word_1_35' title='bbox 849 1057 1006 1124; x_wconf 83' lang='lat' dir='ltr'><strong>Kurolum</strong></span> <span class='ocrx_word' id='word_1_36' title='bbox 1031 1059 1209 1148; x_wconf 83' lang='lat' dir='ltr'><strong>Magnum,</strong></span> 
     </span>
     <span class='ocr_line' id='line_1_6' title="bbox 109 1163 1208 1253; baseline 0.005 -23"><span class='ocrx_word' id='word_1_37' title='bbox 109 1186 174 1251; x_wconf 90' lang='lat' dir='ltr'><strong>quo</strong></span> <span class='ocrx_word' id='word_1_38' title='bbox 198 1174 354 1253; x_wconf 81' lang='lat' dir='ltr'><strong>regnante</strong></span> <span class='ocrx_word' id='word_1_39' title='bbox 376 1165 502 1230; x_wconf 89' lang='lat' dir='ltr'><strong>nullum</strong></span> <span class='ocrx_word' id='word_1_40' title='bbox 527 1165 599 1231; x_wconf 87' lang='lat' dir='ltr'><strong>vult</strong></span> <span class='ocrx_word' id='word_1_41' title='bbox 620 1163 719 1230; x_wconf 86' lang='lat' dir='ltr'><strong>fuisse</strong></span> <span class='ocrx_word' id='word_1_42' title='bbox 742 1164 776 1228; x_wconf 91' lang='lat' dir='ltr'><strong>in</strong></span> <span class='ocrx_word' id='word_1_43' title='bbox 799 1163 905 1230; x_wconf 84' lang='lat' dir='ltr'><strong>Frisia</strong></span> <span class='ocrx_word' id='word_1_44' title='bbox 921 1163 1044 1232; x_wconf 88' lang='lat' dir='ltr'><strong>ducem.</strong></span> <span class='ocrx_word' id='word_1_45' title='bbox 1085 1166 1208 1251; x_wconf 86' lang='lat' dir='ltr'><strong>Quam·</strong></span> 
     </span>
     <span class='ocr_line' id='line_1_7' title="bbox 109 1257 1208 1359; baseline 0.009 -27"><span class='ocrx_word' id='word_1_46' title='bbox 109 1269 158 1333; x_wconf 90' lang='lat' dir='ltr'><strong>vis</strong></span> <span class='ocrx_word' id='word_1_47' title='bbox 188 1292 240 1334; x_wconf 87' lang='lat' dir='ltr'><strong>me</strong></span> <span class='ocrx_word' id='word_1_48' title='bbox 270 1257 335 1335; x_wconf 86' lang='lat' dir='ltr'><strong>non</strong></span> <span class='ocrx_word' id='word_1_49' title='bbox 364 1269 583 1354; x_wconf 82' lang='lat' dir='ltr'><strong>praeterierit,</strong></span> <span class='ocrx_word' id='word_1_50' title='bbox 614 1269 773 1336; x_wconf 89' lang='lat' dir='ltr'><strong>neminem</strong></span> <span class='ocrx_word' id='word_1_51' title='bbox 804 1269 993 1356; x_wconf 86' lang='lat' dir='ltr'><strong>scriptorum</strong></span> <span class='ocrx_word' id='word_1_52' title='bbox 1026 1275 1208 1359; x_wconf 86' lang='lat' dir='ltr'><strong>aequalium</strong></span> 
     </span>
     <span class='ocr_line' id='line_1_8' title="bbox 109 1372 1209 1452; baseline 0.007 -14"><span class='ocrx_word' id='word_1_53' title='bbox 109 1375 194 1442; x_wconf 89' lang='lat' dir='ltr'><strong>inter</strong></span> <span class='ocrx_word' id='word_1_54' title='bbox 224 1396 323 1440; x_wconf 87' lang='lat' dir='ltr'><strong>annos</strong></span> <span class='ocrx_word' id='word_1_55' title='bbox 356 1377 375 1438; x_wconf 79' lang='lat'><strong>7</strong></span> <span class='ocrx_word' id='word_1_56' title='bbox 380 1374 422 1440; x_wconf 86' lang='lat'><strong>85</strong></span> <span class='ocrx_word' id='word_1_57' title='bbox 448 1386 481 1439; x_wconf 90' lang='lat' dir='ltr'><strong>et</strong></span> <span class='ocrx_word' id='word_1_58' title='bbox 505 1375 592 1452; x_wconf 78' lang='lat'>802,</span> <span class='ocrx_word' id='word_1_59' title='bbox 615 1374 649 1438; x_wconf 90' lang='lat' dir='ltr'><strong>in</strong></span> <span class='ocrx_word' id='word_1_60' title='bbox 672 1372 778 1440; x_wconf 85' lang='lat' dir='ltr'><strong>Frisia</strong></span> <span class='ocrx_word' id='word_1_61' title='bbox 801 1375 993 1441; x_wconf 86' lang='lat' dir='ltr'><strong>mentionem</strong></span> <span class='ocrx_word' id='word_1_62' title='bbox 1016 1375 1123 1444; x_wconf 85' lang='lat' dir='ltr'><strong>iacere</strong></span> <span class='ocrx_word' id='word_1_63' title='bbox 1147 1380 1209 1446; x_wconf 89' lang='lat' dir='ltr'><strong>du·</strong></span> 
     </span>
     <span class='ocr_line' id='line_1_9' title="bbox 109 1478 1209 1571; baseline 0.007 -29"><span class='ocrx_word' id='word_1_64' title='bbox 109 1479 172 1557; x_wconf 82' lang='lat' dir='ltr'><strong>cis3</strong></span> <span class='ocrx_word' id='word_1_65' title='bbox 203 1501 268 1545; x_wconf 89' lang='lat' dir='ltr'><strong>non</strong></span> <span class='ocrx_word' id='word_1_66' title='bbox 299 1489 405 1544; x_wconf 82' lang='lat' dir='ltr'><strong>tamen</strong></span> <span class='ocrx_word' id='word_1_67' title='bbox 441 1478 625 1558; x_wconf 79' lang='lat' dir='ltr'><strong>assentiam,</strong></span> <span class='ocrx_word' id='word_1_68' title='bbox 656 1479 718 1545; x_wconf 88' lang='lat' dir='ltr'><strong>hoc</strong></span> <span class='ocrx_word' id='word_1_69' title='bbox 753 1480 879 1545; x_wconf 88' lang='lat' dir='ltr'><strong>silentio</strong></span> <span class='ocrx_word' id='word_1_70' title='bbox 910 1479 1120 1567; x_wconf 86' lang='lat' dir='ltr'><strong>scriptorum,</strong></span> <span class='ocrx_word' id='word_1_71' title='bbox 1151 1486 1209 1571; x_wconf 90' lang='lat' dir='ltr'><strong>qui</strong></span> 
     </span>
     <span class='ocr_line' id='line_1_10' title="bbox 107 1583 1208 1674; baseline 0.007 -26"><span class='ocrx_word' id='word_1_72' title='bbox 107 1585 307 1671; x_wconf 79' lang='lat' dir='ltr'><strong>paucissimis</strong></span> <span class='ocrx_word' id='word_1_73' title='bbox 346 1584 452 1650; x_wconf 87' lang='lat' dir='ltr'><strong>verbis</strong></span> <span class='ocrx_word' id='word_1_74' title='bbox 493 1584 543 1649; x_wconf 88' lang='lat' dir='ltr'><strong>his</strong></span> <span class='ocrx_word' id='word_1_75' title='bbox 583 1583 617 1649; x_wconf 91' lang='lat' dir='ltr'><strong>in</strong></span> <span class='ocrx_word' id='word_1_76' title='bbox 656 1584 747 1649; x_wconf 91' lang='lat' dir='ltr'><strong>annis</strong></span> <span class='ocrx_word' id='word_1_77' title='bbox 787 1583 828 1650; x_wconf 89' lang='lat' dir='ltr'><strong>de</strong></span> <span class='ocrx_word' id='word_1_78' title='bbox 863 1583 968 1651; x_wconf 83' lang='lat' dir='ltr'><strong>Frisia</strong></span> <span class='ocrx_word' id='word_1_79' title='bbox 1008 1587 1208 1674; x_wconf 86' lang='lat' dir='ltr'><strong>loquuntur,</strong></span> 
     </span>
     <span class='ocr_line' id='line_1_11' title="bbox 109 1679 1213 1768; baseline 0.01 -16"><span class='ocrx_word' id='word_1_80' title='bbox 109 1686 359 1756; x_wconf 84' lang='lat' dir='ltr'><strong>demonstratum</strong></span> <span class='ocrx_word' id='word_1_81' title='bbox 399 1679 486 1768; x_wconf 86' lang='lat' dir='ltr'><strong>esse,</strong></span> <span class='ocrx_word' id='word_1_82' title='bbox 525 1689 557 1754; x_wconf 93' lang='lat' dir='ltr'><strong>in</strong></span> <span class='ocrx_word' id='word_1_83' title='bbox 597 1688 703 1755; x_wconf 84' lang='lat' dir='ltr'><strong>Frisia</strong></span> <span class='ocrx_word' id='word_1_84' title='bbox 738 1701 816 1754; x_wconf 92' lang='lat' dir='ltr'><strong>tunc</strong></span> <span class='ocrx_word' id='word_1_85' title='bbox 852 1688 966 1757; x_wconf 88' lang='lat' dir='ltr'><strong>ducem</strong></span> <span class='ocrx_word' id='word_1_86' title='bbox 1002 1713 1065 1758; x_wconf 92' lang='lat' dir='ltr'><strong>non</strong></span> <span class='ocrx_word' id='word_1_87' title='bbox 1100 1695 1213 1763; x_wconf 76' lang='lat' dir='ltr'><strong>fuisse</strong></span> 
     </span>
     <span class='ocr_line' id='line_1_12' title="bbox 107 1792 1208 1886; baseline 0.009 -27"><span class='ocrx_word' id='word_1_88' title='bbox 107 1792 235 1860; x_wconf 85' lang='lat' dir='ltr'><strong>Nomen</strong></span> <span class='ocrx_word' id='word_1_89' title='bbox 270 1795 361 1860; x_wconf 88' lang='lat' dir='ltr'><strong>ducis</strong></span> <span class='ocrx_word' id='word_1_90' title='bbox 397 1793 521 1860; x_wconf 78' lang='lat' dir='ltr'><strong>Frisiae</strong></span> <span class='ocrx_word' id='word_1_91' title='bbox 552 1795 722 1879; x_wconf 85' lang='lat' dir='ltr'><strong>scriptores</strong></span> <span class='ocrx_word' id='word_1_92' title='bbox 757 1795 877 1860; x_wconf 83' lang='lat' dir='ltr'><strong>saeculi</strong></span> <span class='ocrx_word' id='word_1_93' title='bbox 913 1797 989 1862; x_wconf 91' lang='lat' dir='ltr'><strong>noni</strong></span> <span class='ocrx_word' id='word_1_94' title='bbox 1011 1797 1129 1886; x_wconf 85' lang='lat' dir='ltr'><strong>legenti</strong></span> <span class='ocrx_word' id='word_1_95' title='bbox 1154 1827 1208 1869; x_wconf 93' lang='lat' dir='ltr'><strong>oc-</strong></span> 
     </span>
     <span class='ocr_line' id='line_1_13' title="bbox 108 1896 1208 1990; baseline 0.012 -26"><span class='ocrx_word' id='word_1_96' title='bbox 108 1900 210 1964; x_wconf 86' lang='lat' dir='ltr'><strong>currit</strong></span> <span class='ocrx_word' id='word_1_97' title='bbox 243 1900 276 1964; x_wconf 92' lang='lat' dir='ltr'><strong>in</strong></span> <span class='ocrx_word' id='word_1_98' title='bbox 313 1896 438 1984; x_wconf 58' lang='lat' dir='ltr'><strong>chron„</strong></span> <span class='ocrx_word' id='word_1_99' title='bbox 469 1899 645 1986; x_wconf 84' lang='lat' dir='ltr'><strong>Reginonis</strong></span> <span class='ocrx_word' id='word_1_100' title='bbox 681 1898 722 1965; x_wconf 88' lang='lat' dir='ltr'><strong>ad</strong></span> <span class='ocrx_word' id='word_1_101' title='bbox 760 1923 787 1964; x_wconf 86' lang='lat' dir='ltr'><strong>a.</strong></span> <span class='ocrx_word' id='word_1_102' title='bbox 826 1901 910 1966; x_wconf 83' lang='lat'>809:</span> <span class='ocrx_word' id='word_1_103' title='bbox 940 1901 1130 1990; x_wconf 73' lang='lat' dir='ltr'><strong>Godejridus</strong></span> <span class='ocrx_word' id='word_1_104' title='bbox 1153 1933 1208 1976; x_wconf 87' lang='lat' dir='ltr'><strong>reu</strong></span> 
     </span>
     <span class='ocr_line' id='line_1_14' title="bbox 108 2005 1208 2096; baseline 0.009 -28"><span class='ocrx_word' id='word_1_105' title='bbox 108 2005 275 2069; x_wconf 84' lang='lat' dir='ltr'><strong>Dauorurn</strong></span> <span class='ocrx_word' id='word_1_106' title='bbox 292 2027 355 2090; x_wconf 86' lang='lat' dir='ltr'><strong>per</strong></span> <span class='ocrx_word' id='word_1_107' title='bbox 378 2007 529 2089; x_wconf 79' lang='lat' dir='ltr'><strong>quosdam</strong></span> <span class='ocrx_word' id='word_1_108' title='bbox 551 2006 751 2090; x_wconf 72' lang='lat' dir='ltr'><strong>nepotiatores</strong></span> <span class='ocrx_word' id='word_1_109' title='bbox 774 2008 938 2071; x_wconf 82' lang='lat' dir='ltr'><strong>mandarit</strong></span> <span class='ocrx_word' id='word_1_110' title='bbox 960 2009 1035 2073; x_wconf 85' lang='lat' dir='ltr'><strong>duri</strong></span> <span class='ocrx_word' id='word_1_111' title='bbox 1057 2015 1113 2096; x_wconf 86' lang='lat' dir='ltr'><strong>qui</strong></span> <span class='ocrx_word' id='word_1_112' title='bbox 1131 2014 1208 2083; x_wconf 81' lang='lat' dir='ltr'><strong>Fre·</strong></span> 
     </span>
     <span class='ocr_line' id='line_1_15' title="bbox 107 2107 1207 2205; baseline 0.009 -31"><span class='ocrx_word' id='word_1_113' title='bbox 107 2111 189 2174; x_wconf 81' lang='lat' dir='ltr'><strong>siam</strong></span> <span class='ocrx_word' id='word_1_114' title='bbox 214 2109 416 2195; x_wconf 78' lang='lat' dir='ltr'><strong>procidebat,</strong></span> <span class='ocrx_word' id='word_1_115' title='bbox 441 2110 563 2174; x_wconf 81' lang='lat' dir='ltr'><strong>audisse</strong></span> <span class='ocrx_word' id='word_1_116' title='bbox 585 2129 632 2187; x_wconf 82' lang='lat' dir='ltr'><strong>se,</strong></span> <span class='ocrx_word' id='word_1_117' title='bbox 657 2111 741 2194; x_wconf 84' lang='lat' dir='ltr'><strong>quod</strong></span> <span class='ocrx_word' id='word_1_118' title='bbox 764 2111 793 2174; x_wconf 86' lang='lat' dir='ltr'><strong>ei</strong></span> <span class='ocrx_word' id='word_1_119' title='bbox 815 2110 851 2197; x_wconf 82' lang='lat' dir='ltr'><strong>(i.</strong></span> <span class='ocrx_word' id='word_1_120' title='bbox 875 2133 902 2174; x_wconf 87' lang='lat' dir='ltr'><strong>e.</strong></span> <span class='ocrx_word' id='word_1_121' title='bbox 927 2107 1123 2205; x_wconf 85' lang='lat' dir='ltr'><strong>Godeirido)</strong></span> <span class='ocrx_word' id='word_1_122' title='bbox 1147 2122 1207 2184; x_wconf 83' lang='lat' dir='ltr'><strong>im·</strong></span> 
     </span>
     <span class='ocr_line' id='line_1_16' title="bbox 102 2214 1207 2300; baseline 0.01 -22"><span class='ocrx_word' id='word_1_123' title='bbox 102 2225 232 2300; x_wconf 85' lang='lat' dir='ltr'><strong>perator</strong></span> <span class='ocrx_word' id='word_1_124' title='bbox 267 2225 343 2278; x_wconf 81' lang='lat' dir='ltr'><strong>esset</strong></span> <span class='ocrx_word' id='word_1_125' title='bbox 377 2215 493 2292; x_wconf 79' lang='lat' dir='ltr'><strong>iratus,</strong></span> <span class='ocrx_word' id='word_1_126' title='bbox 524 2235 558 2279; x_wconf 83' lang='lat' dir='ltr'><strong>co</strong></span> <span class='ocrx_word' id='word_1_127' title='bbox 586 2215 668 2297; x_wconf 85' lang='lat' dir='ltr'><strong>quod</strong></span> <span class='ocrx_word' id='word_1_128' title='bbox 689 2216 723 2279; x_wconf 88' lang='lat' dir='ltr'><strong>in</strong></span> <span class='ocrx_word' id='word_1_129' title='bbox 746 2214 915 2282; x_wconf 77' lang='lat' dir='ltr'><strong>Abotrides</strong></span> <span class='ocrx_word' id='word_1_130' title='bbox 940 2218 1091 2299; x_wconf 72' lang='lat' dir='ltr'><strong>descisset,</strong></span> <span class='ocrx_word' id='word_1_131' title='bbox 1115 2221 1207 2292; x_wconf 89' lang='lat' dir='ltr'><strong>Mon.</strong></span> 
     </span>
     <span class='ocr_line' id='line_1_17' title="bbox 108 2313 1207 2414; baseline 0.01 -32"><span class='ocrx_word' id='word_1_132' title='bbox 108 2316 152 2384; x_wconf 88' lang='lat' dir='ltr'><strong>G.</strong></span> <span class='ocrx_word' id='word_1_133' title='bbox 183 2313 245 2383; x_wconf 85' lang='lat' dir='ltr'><strong>SS.</strong></span> <span class='ocrx_word' id='word_1_134' title='bbox 275 2316 302 2382; x_wconf 94' lang='lat' dir='ltr'><strong>I.</strong></span> <span class='ocrx_word' id='word_1_135' title='bbox 335 2340 368 2404; x_wconf 87' lang='lat' dir='ltr'><strong>p.</strong></span> <span class='ocrx_word' id='word_1_136' title='bbox 401 2316 467 2382; x_wconf 81' lang='lat'><strong>565</strong></span> <span class='ocrx_word' id='word_1_137' title='bbox 485 2319 529 2381; x_wconf 80' lang='lat'><strong>4⁷.</strong></span> <span class='ocrx_word' id='word_1_138' title='bbox 583 2315 708 2383; x_wconf 85' lang='lat' dir='ltr'><strong>Nomen</strong></span> <span class='ocrx_word' id='word_1_139' title='bbox 739 2318 876 2384; x_wconf 86' lang='lat' dir='ltr'><strong>ducatus</strong></span> <span class='ocrx_word' id='word_1_140' title='bbox 899 2319 1023 2388; x_wconf 78' lang='lat' dir='ltr'><strong>Frisios</strong></span> <span class='ocrx_word' id='word_1_141' title='bbox 1046 2331 1207 2414; x_wconf 84' lang='lat' dir='ltr'><strong>reperitur</strong></span> 
     </span>
     <span class='ocr_line' id='line_1_18' title="bbox 107 2422 1207 2517; baseline 0.014 -29"><span class='ocrx_word' id='word_1_142' title='bbox 107 2423 149 2488; x_wconf 86' lang='lat' dir='ltr'><strong>ad</strong></span> <span class='ocrx_word' id='word_1_143' title='bbox 181 2445 299 2488; x_wconf 89' lang='lat' dir='ltr'><strong>annum</strong></span> <span class='ocrx_word' id='word_1_144' title='bbox 332 2422 417 2502; x_wconf 84' lang='lat'><strong>839,</strong></span> <span class='ocrx_word' id='word_1_145' title='bbox 449 2445 515 2508; x_wconf 91' lang='lat' dir='ltr'><strong>quo</strong></span> <span class='ocrx_word' id='word_1_146' title='bbox 543 2433 703 2509; x_wconf 88' lang='lat' dir='ltr'><strong>ternpore,</strong></span> <span class='ocrx_word' id='word_1_147' title='bbox 728 2433 810 2488; x_wconf 86' lang='lat' dir='ltr'><strong>teste</strong></span> <span class='ocrx_word' id='word_1_148' title='bbox 833 2423 1014 2492; x_wconf 90' lang='lat' dir='ltr'><strong>Prudentio</strong></span> <span class='ocrx_word' id='word_1_149' title='bbox 1036 2429 1207 2517; x_wconf 84' lang='lat' dir='ltr'><strong>Trecensi‚</strong></span> 
     </span>
     <span class='ocr_line' id='line_1_19' title="bbox 107 2526 1208 2628; baseline 0.014 -36"><span class='ocrx_word' id='word_1_150' title='bbox 107 2549 182 2615; x_wconf 88' lang='lat' dir='ltr'><strong>pars</strong></span> <span class='ocrx_word' id='word_1_151' title='bbox 213 2527 371 2613; x_wconf 85' lang='lat' dir='ltr'><strong>quaedam</strong></span> <span class='ocrx_word' id='word_1_152' title='bbox 399 2528 491 2616; x_wconf 84' lang='lat' dir='ltr'><strong>regni</strong></span> <span class='ocrx_word' id='word_1_153' title='bbox 513 2527 704 2595; x_wconf 82' lang='lat' dir='ltr'><strong>Franconici</strong></span> <span class='ocrx_word' id='word_1_154' title='bbox 728 2526 823 2595; x_wconf 87' lang='lat' dir='ltr'><strong>divisi</strong></span> <span class='ocrx_word' id='word_1_155' title='bbox 846 2532 1118 2618; x_wconf 84' lang='lat' dir='ltr'><strong>complectebatur</strong></span> <span class='ocrx_word' id='word_1_156' title='bbox 1141 2565 1208 2628; x_wconf 74' lang='lat' dir='ltr'><strong>rep·</strong></span> 
     </span>
     <span class='ocr_line' id='line_1_20' title="bbox 106 2634 1207 2734; baseline 0.01 -36"><span class='ocrx_word' id='word_1_157' title='bbox 106 2657 181 2698; x_wconf 85' lang='lat' dir='ltr'><strong>nuru</strong></span> <span class='ocrx_word' id='word_1_158' title='bbox 211 2634 370 2700; x_wconf 73' lang='lat' dir='ltr'><strong>Saronico</strong></span> <span class='ocrx_word' id='word_1_159' title='bbox 401 2655 470 2696; x_wconf 83' lang='lat' dir='ltr'><strong>curn</strong></span> <span class='ocrx_word' id='word_1_160' title='bbox 500 2635 635 2698; x_wconf 73' lang='lat' dir='ltr'><strong>maritis</strong></span> <span class='ocrx_word' id='word_1_161' title='bbox 666 2636 749 2712; x_wconf 80' lang='lat' dir='ltr'><strong>suis,</strong></span> <span class='ocrx_word' id='word_1_162' title='bbox 780 2636 923 2700; x_wconf 83' lang='lat' dir='ltr'><strong>ducatum</strong></span> <span class='ocrx_word' id='word_1_163' title='bbox 953 2640 1081 2707; x_wconf 67' lang='lat' dir='ltr'><strong>brisiae</strong></span> <span class='ocrx_word' id='word_1_164' title='bbox 1110 2668 1207 2734; x_wconf 77' lang='lat' dir='ltr'><strong>usque</strong></span> 
     </span>
     <span class='ocr_line' id='line_1_21' title="bbox 107 2733 1207 2839; baseline 0.011 -37"><span class='ocrx_word' id='word_1_165' title='bbox 107 2739 250 2816; x_wconf 83' lang='lat' dir='ltr'><strong>Mosam,</strong></span> <span class='ocrx_word' id='word_1_166' title='bbox 277 2748 336 2802; x_wconf 82' lang='lat' dir='ltr'><strong>etc</strong></span> <span class='ocrx_word' id='word_1_167' title='bbox 368 2736 458 2800; x_wconf 90' lang='lat' dir='ltr'><strong>Mon.</strong></span> <span class='ocrx_word' id='word_1_168' title='bbox 491 2734 533 2803; x_wconf 84' lang='lat' dir='ltr'><strong>G.</strong></span> <span class='ocrx_word' id='word_1_169' title='bbox 569 2733 630 2803; x_wconf 87' lang='lat' dir='ltr'><strong>SS.</strong></span> <span class='ocrx_word' id='word_1_170' title='bbox 655 2737 682 2800; x_wconf 89' lang='grc' dir='ltr'><strong>Ι.</strong></span> <span class='ocrx_word' id='word_1_171' title='bbox 706 2760 738 2823; x_wconf 86' lang='lat' dir='ltr'><strong>p.</strong></span> <span class='ocrx_word' id='word_1_172' title='bbox 763 2738 849 2815; x_wconf 74' lang='lat'>4353</span> <span class='ocrx_word' id='word_1_173' title='bbox 873 2738 986 2804; x_wconf 87' lang='lat' dir='ltr'><strong>eodem</strong></span> <span class='ocrx_word' id='word_1_174' title='bbox 1009 2743 1103 2812; x_wconf 92' lang='lat' dir='ltr'><strong>modo</strong></span> <span class='ocrx_word' id='word_1_175' title='bbox 1127 2748 1207 2839; x_wconf 83' lang='lat' dir='ltr'><strong>iegi-</strong></span> 
     </span>
     <span class='ocr_line' id='line_1_22' title="bbox 107 2838 1207 2929; baseline 0.013 -22"><span class='ocrx_word' id='word_1_176' title='bbox 107 2864 179 2907; x_wconf 91' lang='lat' dir='ltr'><strong>mus</strong></span> <span class='ocrx_word' id='word_1_177' title='bbox 210 2842 244 2907; x_wconf 94' lang='lat' dir='ltr'><strong>in</strong></span> <span class='ocrx_word' id='word_1_178' title='bbox 275 2841 466 2906; x_wconf 88' lang='lat' dir='ltr'><strong>documento</strong></span> <span class='ocrx_word' id='word_1_179' title='bbox 498 2838 667 2906; x_wconf 87' lang='lat' dir='ltr'><strong>Ludowici</strong></span> <span class='ocrx_word' id='word_1_180' title='bbox 697 2841 899 2929; x_wconf 87' lang='lat' dir='ltr'><strong>imperatoris</strong></span> <span class='ocrx_word' id='word_1_181' title='bbox 930 2866 1013 2910; x_wconf 92' lang='lat' dir='ltr'><strong>snno</strong></span> <span class='ocrx_word' id='word_1_182' title='bbox 1038 2850 1105 2916; x_wconf 87' lang='lat'><strong>839</strong></span> <span class='ocrx_word' id='word_1_183' title='bbox 1130 2877 1207 2922; x_wconf 92' lang='lat' dir='ltr'><strong>con-</strong></span> 
     </span>
     <span class='ocr_line' id='line_1_23' title="bbox 107 2946 1206 3038; baseline 0.005 -25"><span class='ocrx_word' id='word_1_184' title='bbox 107 2946 248 3035; x_wconf 85' lang='lat' dir='ltr'><strong>scripto:</strong></span> <span class='ocrx_word' id='word_1_185' title='bbox 287 2949 484 3011; x_wconf 80' lang='lat' dir='ltr'><strong>concessimus</strong></span> <span class='ocrx_word' id='word_1_186' title='bbox 520 2946 611 3020; x_wconf 70' lang='lat' dir='ltr'><strong>fideli</strong></span> <span class='ocrx_word' id='word_1_187' title='bbox 647 2957 751 3012; x_wconf 71' lang='lat' dir='ltr'><strong>nosue</strong></span> <span class='ocrx_word' id='word_1_188' title='bbox 795 2946 923 3038; x_wconf 71' lang='lat' dir='ltr'><strong>Gendfo</strong></span> <span class='ocrx_word' id='word_1_189' title='bbox 966 2957 1119 3036; x_wconf 82' lang='lat' dir='ltr'><strong>quaedam</strong></span> <span class='ocrx_word' id='word_1_190' title='bbox 1157 2985 1206 3028; x_wconf 61' lang='lat' dir='ltr'><strong>reg</strong></span> 
     </span>
     <span class='ocr_line' id='line_1_24' title="bbox 99 3053 1206 3139; baseline 0.012 -24"><span class='ocrx_word' id='word_1_191' title='bbox 99 3053 306 3139; x_wconf 74' lang='lat' dir='ltr'><strong>proprietatis</strong></span> <span class='ocrx_word' id='word_1_192' title='bbox 336 3065 477 3130; x_wconf 82' lang='lat' dir='ltr'><strong>nostrae,</strong></span> <span class='ocrx_word' id='word_1_193' title='bbox 510 3073 589 3136; x_wconf 83' lang='lat' dir='ltr'><strong>quas</strong></span> <span class='ocrx_word' id='word_1_194' title='bbox 620 3053 698 3117; x_wconf 81' lang='lat' dir='ltr'><strong>sitae</strong></span> <span class='ocrx_word' id='word_1_195' title='bbox 727 3065 798 3118; x_wconf 86' lang='lat' dir='ltr'><strong>sunt</strong></span> <span class='ocrx_word' id='word_1_196' title='bbox 829 3055 1000 3121; x_wconf 84' lang='lat' dir='ltr'><strong>induratu</strong></span> <span class='ocrx_word' id='word_1_197' title='bbox 1023 3058 1149 3132; x_wconf 73' lang='lat' dir='ltr'><strong>Frisios</strong></span> <span class='ocrx_word' id='word_1_198' title='bbox 1172 3071 1206 3134; x_wconf 79' lang='lat' dir='ltr'><strong>in</strong></span> 
     </span>
     <span class='ocr_line' id='line_1_25' title="bbox 101 3152 1206 3244; baseline 0.008 -23"><span class='ocrx_word' id='word_1_199' title='bbox 101 3179 189 3244; x_wconf 80' lang='lat' dir='ltr'><strong>popo</strong></span> <span class='ocrx_word' id='word_1_200' title='bbox 221 3152 410 3238; x_wconf 39' lang='lat' dir='ltr'><strong>Westracltal</strong></span> <span class='ocrx_word' id='word_1_201' title='bbox 423 3159 458 3222; x_wconf 88' lang='lat' dir='ltr'><strong>iu</strong></span> <span class='ocrx_word' id='word_1_202' title='bbox 482 3156 559 3221; x_wconf 83' lang='lat' dir='ltr'><strong>oilla</strong></span> <span class='ocrx_word' id='word_1_203' title='bbox 587 3155 897 3244; x_wconf 78' lang='lat' dir='ltr'><strong>Commiupelruuderi</strong></span> <span class='ocrx_word' id='word_1_204' title='bbox 918 3172 946 3225; x_wconf 83' lang='lat' dir='ltr'><strong>et</strong></span> <span class='ocrx_word' id='word_1_205' title='bbox 967 3163 1001 3227; x_wconf 85' lang='lat' dir='ltr'><strong>in</strong></span> <span class='ocrx_word' id='word_1_206' title='bbox 1026 3165 1100 3232; x_wconf 83' lang='lat' dir='ltr'><strong>aliis</strong></span> <span class='ocrx_word' id='word_1_207' title='bbox 1120 3173 1206 3238; x_wconf 63' lang='lat' dir='ltr'><strong>vittis</strong></span> 
     </span>
     <span class='ocr_line' id='line_1_26' title="bbox 106 3261 1204 3368; baseline 0.006 -41"><span class='ocrx_word' id='word_1_208' title='bbox 106 3264 342 3349; x_wconf 78' lang='lat' dir='ltr'><strong>circumquaque</strong></span> <span class='ocrx_word' id='word_1_209' title='bbox 374 3285 405 3327; x_wconf 81' lang='lat' dir='ltr'><strong>se</strong></span> <span class='ocrx_word' id='word_1_210' title='bbox 433 3264 565 3348; x_wconf 82' lang='lat' dir='ltr'><strong>positis,</strong></span> <span class='ocrx_word' id='word_1_211' title='bbox 599 3261 729 3328; x_wconf 83' lang='lat' dir='ltr'><strong>Erhard</strong></span> <span class='ocrx_word' id='word_1_212' title='bbox 762 3261 905 3351; x_wconf 85' lang='lat' dir='ltr'><strong>Regesta</strong></span> <span class='ocrx_word' id='word_1_213' title='bbox 941 3263 1091 3333; x_wconf 86' lang='lat' dir='ltr'><strong>Westfal.</strong></span> <span class='ocrx_word' id='word_1_214' title='bbox 1119 3273 1148 3340; x_wconf 93' lang='grc' dir='ltr'><strong>Ι.</strong></span> <span class='ocrx_word' id='word_1_215' title='bbox 1172 3301 1204 3368; x_wconf 84' lang='lat' dir='ltr'><strong>p,</strong></span> 
     </span>
     <span class='ocr_line' id='line_1_27' title="bbox 108 3365 1205 3470; baseline 0.012 -37"><span class='ocrx_word' id='word_1_216' title='bbox 108 3369 152 3434; x_wconf 92' lang='lat'><strong>11</strong></span> <span class='ocrx_word' id='word_1_217' title='bbox 185 3367 242 3456; x_wconf 89' lang='lat' dir='ltr'><strong>(ex</strong></span> <span class='ocrx_word' id='word_1_218' title='bbox 273 3367 386 3455; x_wconf 77' lang='lat' dir='ltr'><strong>orig;)‚</strong></span> <span class='ocrx_word' id='word_1_219' title='bbox 419 3388 558 3452; x_wconf 88' lang='lat' dir='ltr'><strong>quocum</strong></span> <span class='ocrx_word' id='word_1_220' title='bbox 587 3367 730 3433; x_wconf 84' lang='lat' dir='ltr'><strong>conferas</strong></span> <span class='ocrx_word' id='word_1_221' title='bbox 754 3367 942 3455; x_wconf 87' lang='lat' dir='ltr'><strong>Registrnm</strong></span> <span class='ocrx_word' id='word_1_222' title='bbox 965 3365 1156 3446; x_wconf 81' lang='lat' dir='ltr'><strong>Sarechonis</strong></span> <span class='ocrx_word' id='word_1_223' title='bbox 1189 3389 1205 3470; x_wconf 76' lang='lat'><em>§</em></span> 
     </span>
     <span class='ocr_line' id='line_1_28' title="bbox 108 3469 1204 3564; baseline 0.003 -25"><span class='ocrx_word' id='word_1_224' title='bbox 108 3473 176 3540; x_wconf 85' lang='grc'><strong>743</strong></span> <span class='ocrx_word' id='word_1_225' title='bbox 212 3472 262 3538; x_wconf 89' lang='lat' dir='ltr'><strong>ed.</strong></span> <span class='ocrx_word' id='word_1_226' title='bbox 297 3470 401 3536; x_wconf 85' lang='lat' dir='ltr'><strong>Falke</strong></span> <span class='ocrx_word' id='word_1_227' title='bbox 437 3471 550 3538; x_wconf 80' lang='lat' dir='ltr'><strong>Codex</strong></span> <span class='ocrx_word' id='word_1_228' title='bbox 584 3470 705 3538; x_wconf 81' lang='lat' dir='ltr'><strong>Tradit</strong></span> <span class='ocrx_word' id='word_1_229' title='bbox 742 3469 869 3539; x_wconf 85' lang='lat' dir='ltr'><strong>Gorbei.</strong></span> <span class='ocrx_word' id='word_1_230' title='bbox 904 3473 976 3540; x_wconf 88' lang='lat' dir='ltr'><strong>add.</strong></span> <span class='ocrx_word' id='word_1_231' title='bbox 1012 3501 1043 3564; x_wconf 92' lang='lat' dir='ltr'><strong>p.</strong></span> <span class='ocrx_word' id='word_1_232' title='bbox 1080 3484 1143 3551; x_wconf 69' lang='lat'><strong>43:</strong></span> <span class='ocrx_word' id='word_1_233' title='bbox 1171 3492 1204 3557; x_wconf 65' lang='lat' dir='ltr'><strong>in</strong></span> 
     </span>
     <span class='ocr_line' id='line_1_29' title="bbox 111 3577 1206 3666; baseline 0.009 -21"><span class='ocrx_word' id='word_1_234' title='bbox 111 3579 290 3666; x_wconf 74' lang='lat' dir='ltr'><strong>Comminqe</strong></span> <span class='ocrx_word' id='word_1_235' title='bbox 323 3580 356 3642; x_wconf 86' lang='lat' dir='ltr'><strong>in</strong></span> <span class='ocrx_word' id='word_1_236' title='bbox 385 3600 472 3665; x_wconf 76' lang='lat' dir='ltr'><strong>popo</strong></span> <span class='ocrx_word' id='word_1_237' title='bbox 513 3579 691 3645; x_wconf 81' lang='lat' dir='ltr'><strong>Westraclra</strong></span> <span class='ocrx_word' id='word_1_238' title='bbox 725 3580 770 3644; x_wconf 87' lang='lat' dir='ltr'><strong>ia</strong></span> <span class='ocrx_word' id='word_1_239' title='bbox 808 3577 999 3652; x_wconf 77' lang='lat' dir='ltr'><strong>Frisios</strong></span> <span class='ocrx_word' id='word_1_240' title='bbox 1033 3585 1206 3662; x_wconf 75' lang='lat' dir='ltr'><strong>ducatu</strong></span> 
     </span>
     <span class='ocr_line' id='line_1_30' title="bbox 106 3678 1204 3772; baseline 0.006 -21"><span class='ocrx_word' id='word_1_241' title='bbox 106 3696 140 3752; x_wconf 94' lang='lat' dir='ltr'><strong>et</strong></span> <span class='ocrx_word' id='word_1_242' title='bbox 172 3687 187 3769; x_wconf 59' lang='grc' dir='ltr'>ᾗ</span> <span class='ocrx_word' id='word_1_243' title='bbox 227 3684 313 3749; x_wconf 68' lang='lat'><strong>7442</strong></span> <span class='ocrx_word' id='word_1_244' title='bbox 343 3685 377 3749; x_wconf 83' lang='lat' dir='ltr'><strong>ia</strong></span> <span class='ocrx_word' id='word_1_245' title='bbox 407 3678 554 3750; x_wconf 75' lang='lat' dir='ltr'><strong>Huuderi</strong></span> <span class='ocrx_word' id='word_1_246' title='bbox 581 3686 616 3748; x_wconf 83' lang='lat' dir='ltr'><strong>iu</strong></span> <span class='ocrx_word' id='word_1_247' title='bbox 647 3685 750 3752; x_wconf 82' lang='lat' dir='ltr'><strong>sedern</strong></span> <span class='ocrx_word' id='word_1_248' title='bbox 774 3707 863 3772; x_wconf 75' lang='lat' dir='ltr'><strong>papo</strong></span> <span class='ocrx_word' id='word_1_249' title='bbox 901 3689 1099 3771; x_wconf 62' lang='lat' dir='ltr'><strong>wormatia,-</strong></span> <span class='ocrx_word' id='word_1_250' title='bbox 1128 3699 1204 3768; x_wconf 71' lang='lat' dir='ltr'><strong>vide</strong></span> 
     </span>
    </p>
   </div>
   <div class='ocr_carea' id='block_1_3' title="bbox 111 3878 254 3896">
    <p class='ocr_par' dir='ltr' id='par_1_3' title="bbox 111 3878 254 3896">
     <span class='ocr_line' id='line_1_31' title="bbox 111 3878 254 3896; baseline -0.014 0"><span class='ocrx_word' id='word_1_251' title='bbox 111 3878 254 3896; x_wconf 50' lang='lat'>“</span> 
     </span>
    </p>
   </div>
   <div class='ocr_carea' id='block_1_4' title="bbox 107 3945 1207 4419">
    <p class='ocr_par' dir='ltr' id='par_1_4' title="bbox 107 3945 1207 4419">
     <span class='ocr_line' id='line_1_32' title="bbox 141 3945 1203 4024; baseline 0.008 -24"><span class='ocrx_word' id='word_1_252' title='bbox 141 3951 174 4000; x_wconf 79' lang='lat'><strong>47</strong></span> <span class='ocrx_word' id='word_1_253' title='bbox 209 3949 252 3999; x_wconf 82' lang='lat' dir='ltr'><strong>Ex</strong></span> <span class='ocrx_word' id='word_1_254' title='bbox 278 3948 369 3998; x_wconf 88' lang='lat' dir='ltr'><strong>chron.</strong></span> <span class='ocrx_word' id='word_1_255' title='bbox 393 3945 536 4012; x_wconf 84' lang='lat' dir='ltr'><strong>Reginonis</strong></span> <span class='ocrx_word' id='word_1_256' title='bbox 553 3946 633 3996; x_wconf 85' lang='lat' dir='ltr'><strong>verbs</strong></span> <span class='ocrx_word' id='word_1_257' title='bbox 649 3945 839 4009; x_wconf 84' lang='lat' dir='ltr'><strong>descripserunt</strong></span> <span class='ocrx_word' id='word_1_258' title='bbox 855 3945 974 3998; x_wconf 79' lang='lat' dir='ltr'><strong>Annales</strong></span> <span class='ocrx_word' id='word_1_259' title='bbox 991 3949 1146 4024; x_wconf 86' lang='lat' dir='ltr'><strong>Mettenses;</strong></span> <span class='ocrx_word' id='word_1_260' title='bbox 1164 3963 1203 4014; x_wconf 85' lang='lat' dir='ltr'><strong>in.</strong></span> 
     </span>
     <span class='ocr_line' id='line_1_33' title="bbox 107 4025 1207 4108; baseline 0.011 -27"><span class='ocrx_word' id='word_1_261' title='bbox 107 4031 239 4096; x_wconf 84' lang='lat' dir='ltr'><strong>cognitum</strong></span> <span class='ocrx_word' id='word_1_262' title='bbox 262 4030 388 4081; x_wconf 84' lang='lat' dir='ltr'><strong>habemus</strong></span> <span class='ocrx_word' id='word_1_263' title='bbox 413 4035 558 4088; x_wconf 79' lang='lat' dir='ltr'><strong>sectorem,</strong></span> <span class='ocrx_word' id='word_1_264' title='bbox 586 4040 662 4092; x_wconf 89' lang='lat' dir='ltr'><strong>qusm</strong></span> <span class='ocrx_word' id='word_1_265' title='bbox 685 4025 787 4091; x_wconf 81' lang='lat' dir='ltr'><strong>Regino</strong></span> <span class='ocrx_word' id='word_1_266' title='bbox 805 4028 952 4081; x_wconf 76' lang='lat' dir='ltr'><strong>stannum</strong></span> <span class='ocrx_word' id='word_1_267' title='bbox 970 4036 1207 4108; x_wconf 69' lang='lat' dir='ltr'><strong>suessoniensis,</strong></span> 
     </span>
     <span class='ocr_line' id='line_1_34' title="bbox 108 4107 1205 4183; baseline 0.004 -20"><span class='ocrx_word' id='word_1_268' title='bbox 108 4112 141 4163; x_wconf 86' lang='lat' dir='ltr'><strong>ds</strong></span> <span class='ocrx_word' id='word_1_269' title='bbox 157 4112 224 4164; x_wconf 84' lang='lat' dir='ltr'><strong>duce</strong></span> <span class='ocrx_word' id='word_1_270' title='bbox 240 4108 343 4162; x_wconf 78' lang='lat' dir='ltr'><strong>Frisios</strong></span> <span class='ocrx_word' id='word_1_271' title='bbox 360 4109 439 4161; x_wconf 82' lang='lat' dir='ltr'><strong>verbu</strong></span> <span class='ocrx_word' id='word_1_272' title='bbox 455 4109 566 4170; x_wconf 83' lang='lat' dir='ltr'><strong>faciens3</strong></span> <span class='ocrx_word' id='word_1_273' title='bbox 583 4107 680 4158; x_wconf 80' lang='lat' dir='ltr'><strong>Annal.</strong></span> <span class='ocrx_word' id='word_1_274' title='bbox 695 4107 861 4159; x_wconf 84' lang='lat' dir='ltr'><strong>Lsnrisham.</strong></span> <span class='ocrx_word' id='word_1_275' title='bbox 878 4111 912 4160; x_wconf 84' lang='lat' dir='ltr'><strong>ad</strong></span> <span class='ocrx_word' id='word_1_276' title='bbox 929 4127 1024 4165; x_wconf 88' lang='lat' dir='ltr'><strong>sunum</strong></span> <span class='ocrx_word' id='word_1_277' title='bbox 1050 4121 1116 4183; x_wconf 85' lang='grc'>809,</span> <span class='ocrx_word' id='word_1_278' title='bbox 1131 4121 1205 4176; x_wconf 79' lang='lat' dir='ltr'><strong>Mon,</strong></span> 
     </span>
     <span class='ocr_line' id='line_1_35' title="bbox 108 4188 1206 4258; baseline 0.013 -17"><span class='ocrx_word' id='word_1_279' title='bbox 108 4190 142 4242; x_wconf 85' lang='lat' dir='ltr'><strong>G.</strong></span> <span class='ocrx_word' id='word_1_280' title='bbox 166 4190 215 4243; x_wconf 85' lang='lat' dir='ltr'><strong>SS.</strong></span> <span class='ocrx_word' id='word_1_281' title='bbox 236 4191 259 4241; x_wconf 92' lang='lat' dir='ltr'><strong>I.</strong></span> <span class='ocrx_word' id='word_1_282' title='bbox 280 4207 308 4257; x_wconf 82' lang='lat' dir='ltr'><strong>p.</strong></span> <span class='ocrx_word' id='word_1_283' title='bbox 327 4196 373 4241; x_wconf 82' lang='lat'><strong>196</strong></span> <span class='ocrx_word' id='word_1_284' title='bbox 392 4191 483 4240; x_wconf 85' lang='lat' dir='ltr'><strong>ducem</strong></span> <span class='ocrx_word' id='word_1_285' title='bbox 500 4188 602 4239; x_wconf 70' lang='lat' dir='ltr'><strong>Frisiis</strong></span> <span class='ocrx_word' id='word_1_286' title='bbox 618 4189 688 4239; x_wconf 82' lang='lat' dir='ltr'><strong>haud</strong></span> <span class='ocrx_word' id='word_1_287' title='bbox 706 4197 925 4253; x_wconf 81' lang='lat' dir='ltr'><strong>commemorant3</strong></span> <span class='ocrx_word' id='word_1_288' title='bbox 941 4206 1025 4258; x_wconf 82' lang='lat' dir='ltr'><strong>neque</strong></span> <span class='ocrx_word' id='word_1_289' title='bbox 1042 4202 1128 4252; x_wconf 81' lang='lat' dir='ltr'><strong>tamen</strong></span> <span class='ocrx_word' id='word_1_290' title='bbox 1145 4218 1206 4256; x_wconf 85' lang='lat' dir='ltr'><strong>cen-</strong></span> 
     </span>
     <span class='ocr_line' id='line_1_36' title="bbox 107 4269 1203 4350; baseline 0.009 -26"><span class='ocrx_word' id='word_1_291' title='bbox 107 4286 194 4336; x_wconf 86' lang='lat' dir='ltr'><strong>sssm,</strong></span> <span class='ocrx_word' id='word_1_292' title='bbox 218 4271 381 4337; x_wconf 75' lang='lat' dir='ltr'><strong>Reginorum</strong></span> <span class='ocrx_word' id='word_1_293' title='bbox 407 4271 527 4322; x_wconf 83' lang='lat' dir='ltr'><strong>abbatem</strong></span> <span class='ocrx_word' id='word_1_294' title='bbox 552 4269 746 4330; x_wconf 87' lang='lat' dir='ltr'><strong>Prumisnssm,</strong></span> <span class='ocrx_word' id='word_1_295' title='bbox 771 4284 857 4319; x_wconf 88' lang='lat' dir='ltr'><strong>rerum</strong></span> <span class='ocrx_word' id='word_1_296' title='bbox 875 4273 1018 4336; x_wconf 84' lang='lat' dir='ltr'><strong>patriarum</strong></span> <span class='ocrx_word' id='word_1_297' title='bbox 1034 4291 1203 4350; x_wconf 74' lang='lat' dir='ltr'><strong>pergeorum,</strong></span> 
     </span>
     <span class='ocr_line' id='line_1_37' title="bbox 108 4349 907 4419; baseline -0.004 -14"><span class='ocrx_word' id='word_1_298' title='bbox 108 4353 151 4419; x_wconf 87' lang='lat' dir='ltr'><strong>qui</strong></span> <span class='ocrx_word' id='word_1_299' title='bbox 169 4353 239 4404; x_wconf 85' lang='lat' dir='ltr'><strong>circs</strong></span> <span class='ocrx_word' id='word_1_300' title='bbox 256 4367 350 4404; x_wconf 84' lang='lat' dir='ltr'><strong>sunum</strong></span> <span class='ocrx_word' id='word_1_301' title='bbox 367 4357 417 4404; x_wconf 84' lang='grc'><strong>900</strong></span> <span class='ocrx_word' id='word_1_302' title='bbox 434 4351 551 4417; x_wconf 85' lang='lat' dir='ltr'><strong>scripsit,</strong></span> <span class='ocrx_word' id='word_1_303' title='bbox 569 4352 661 4408; x_wconf 86' lang='lat' dir='ltr'><strong>ducem</strong></span> <span class='ocrx_word' id='word_1_304' title='bbox 677 4350 778 4402; x_wconf 75' lang='lat' dir='ltr'><strong>Frisios</strong></span> <span class='ocrx_word' id='word_1_305' title='bbox 794 4349 907 4402; x_wconf 86' lang='lat' dir='ltr'><strong>finxisss.</strong></span> 
     </span>
    </p>
   </div>
   <div class='ocr_carea' id='block_1_5' title="bbox 0 0 1576 5460">
    <p class='ocr_par' dir='ltr' id='par_1_5' title="bbox 0 0 1576 5460">
     <span class='ocr_line' id='line_1_38' title="bbox 0 0 1576 5460; baseline 0 0"><span class='ocrx_word' id='word_1_306' title='bbox 0 0 1576 5460; x_wconf 95' lang='lat' dir='ltr'><strong> </strong></span> 
     </span>
    </p>
   </div>
  </div>
 </body>
</html>
