3144 5460
349 565 390 626 24
757 571 826 620 anx
849 569 1054 620 rnrsronou.

348 795 503 870 ponatur3
528 781 554 844 si
580 777 619 843 de
643 775 738 864 adipe
751 782 783 826 ⁹⁰
809 775 930 862 aliquid
957 776 1147 862 processerit
1171 789 1206 840 ut
1225 777 1480 862 praecidatur,
1552 841 1553 852 ,

347 889 399 954 IV
425 885 533 952 solidis
557 895 776 969 componatur.
1552 865 1554 887 ι

830 993 966 1056 sv1192.

395 1097 431 1166 Si
463 1108 626 1163 veretrum
664 1097 736 1180 quis
771 1096 869 1161 alium
903 1094 1090 1172 absciderit,
1125 1095 1335 1184 weregildum
1368 1118 1478 1158 suum

348 1213 526 1290 componat.

851 1324 951 1372 svm.

396 1414 433 1482 si
469 1437 570 1479 unum
607 1413 791 1477 testiculum
823 1411 1011 1491 excesserit,
1036 1410 1203 1477 dimidium
1228 1414 1477 1501 weregildum,

349 1523 376 1585 si
401 1520 513 1599 ambo,
535 1531 638 1586 totum
663 1529 842 1602 componat.

848 1642 910 1693 mx
928 1629 971 1686 99.

396 1727 433 1795 Si
457 1729 624 1794 testiculus
649 1728 763 1794 exierit
792 1751 850 1814 per
874 1728 1002 1806 vulnus,
1026 1729 1201 1795 etiterum
1226 1731 1411 1796 remittitur
1439 1733 1474 1795 in

349 1837 455 1901 locum
496 1857 607 1913 suum,
647 1833 701 1898 VI
738 1832 847 1899 solidis
884 1857 982 1922 supra
1018 1837 1277 1921 compositionem
1314 1837 1474 1902 vulneris

347 1952 571 2030 componatur.

855 2059 903 2109 nx
922 2049 967 2109 94.

396 2151 432 2218 Si
471 2175 581 2218 coxam
621 2173 719 2237 supra
751 2173 839 2237 genu
863 2149 1100 2230 vulneraverit,
1125 2165 1216 2217 etos
1241 2164 1471 2219 transversum

349 2258 483 2347 fregerit
507 2258 557 2322 vel
583 2256 795 2344 praeciderit,
818 2255 895 2320 XII
922 2254 1041 2322 solidos
1065 2271 1243 2344 componat.

865 2375 935 2426 uxr.

399 2469 435 2535 Si
460 2470 538 2534 tibia
562 2470 676 2534 subtus
700 2468 863 2555 genuculo
888 2468 993 2532 media
1017 2469 1116 2534 incise
1137 2469 1245 2548 fuerit,
1270 2470 1322 2534 VI
1338 2469 1469 2553 solidis,

352 2576 378 2639 si
403 2585 487 2652 tota,
512 2571 588 2636 XII
612 2569 720 2637 solidis
744 2581 965 2659 componatur.

842 2693 918 2744 exn
937 2682 979 2742 ⁹⁵.

400 2783 436 2852 Si
461 2807 518 2872 pes
542 2793 629 2849 totus
653 2782 810 2849 abscissus
834 2783 950 2862 fuerit,
974 2783 1078 2848 XLV
1109 2787 1218 2851 solidis
1243 2801 1468 2875 componatur.
1553 2726 1556 2822 l

857 2905 957 2956 anr.
1554 2861 1556 2890 ¹

400 2992 437 3060 Si
472 2993 621 3080 pollicem
652 2993 743 3078 pedis
780 2993 969 3073 absciderit,
1005 2993 1095 3058 VIII
1127 2997 1245 3062 solidos
1277 3009 1468 3084 componat,

354 3103 381 3166 si
405 3098 587 3185 proximum
612 3097 749 3183 digitum
774 3096 864 3176 VII,
889 3099 915 3162 si
939 3100 1068 3165 tertium
1094 3101 1163 3180 VI,
1188 3104 1213 3167 si
1238 3119 1389 3189 quartum
1415 3103 1468 3181 V,

354 3207 380 3270 si
405 3205 554 3292 quintum
578 3201 631 3267 IV
655 3201 772 3267 solidos
797 3215 983 3288 componat3
1009 3205 1134 3291 reliqua
1157 3231 1231 3294 pars
1255 3211 1363 3296 pedis,
1383 3233 1468 3295 quae

358 3315 442 3378 inter
466 3310 576 3376 tibiam
600 3317 632 3374 et
656 3308 773 3397 digitos
798 3318 863 3386 est,
888 3308 960 3373 XV
985 3311 1093 3376 solidis
1117 3327 1335 3400 componatur.

864 3434 960 3480 Lxrv.

361 3583 362 3588 ,
404 3519 439 3586 Si
471 3521 587 3584 humor
618 3542 677 3603 per
709 3520 859 3585 articulos
886 3519 1059 3608 digitorum
1086 3522 1279 3606 decurrerit,
1305 3530 1389 3595 sicut
1413 3511 1467 3596 su-

358 3625 467 3714 perius
499 3623 540 3688 de
572 3646 669 3688 manu
701 3615 864 3709 seriptum
888 3637 936 3690 est
954 3631 1005 3705 99,
1032 3629 1076 3694 ita
1108 3640 1141 3694 et
1174 3632 1206 3695 in
1231 3633 1314 3719 pede
1339 3657 1469 3724 compo-

360 3741 464 3797 natur.

850 3853 924 3900 axv
944 3837 985 3900 ⁹⁷.

407 3941 444 4008 Si
469 3941 541 4027 quis
565 3939 663 4004 alium
688 3940 789 4004 iratus
806 3962 865 4026 per
881 3942 1011 4028 capillos
1028 3946 1315 4031 comprehenderit,
1341 3951 1469 4019 duobus

362 4047 471 4116 solidis
496 4055 674 4131 componat,
699 4055 731 4111 et
755 4068 813 4131 pro
838 4045 929 4112 freda
953 4047 1005 4112 IV
1030 4050 1138 4116 solidis
1163 4052 1204 4116 ad
1229 4067 1355 4141 partem
1374 4062 1469 4148 regis.

852 4158 1001 4218 va198.

410 4255 541 4320 Vulnus
578 4254 665 4340 quod
702 4253 936 4343 longitudinem
983 4259 1099 4324 habeat
1135 4275 1292 4347 quantum
1336 4267 1421 4332 inter
1439 4273 1468 4315 99

363 4361 511 4451 pollicem
536 4370 567 4423 et
592 4360 772 4446 complicati
791 4361 902 4426 indicis
919 4364 1091 4432 articulum
1109 4391 1265 4454 spennum
1287 4377 1296 4420 ¹
1324 4373 1469 4460 impleat,
