3156 5464
529 573 643 636 Iunnx
665 575 826 661 Renum.-

153 769 278 846 pinquos
297 769 358 824 eins
378 768 522 843 proximos
540 770 685 844 pertineat
704 770 731 834 Ι,
754 770 778 828 1.
801 767 849 842 Os.
869 766 1026 843 proximus.

115 859 339 934 proprius:
371 857 489 932 propria
509 859 631 933 pecunia
651 859 702 922 XI,
721 857 749 918 2.
772 858 819 932 Cf.
839 859 961 916 alienus.

114 968 189 1024 pro
200 949 278 1002 rim
293 967 354 1004 nse
383 947 528 1002 hominem
551 948 725 1024 interpellet,
744 947 916 1005 homicidam
936 966 1003 1004 eum
1024 950 1147 1023 proximi
1168 953 1213 1009 sui

154 1055 258 1093 vocans
287 1034 367 1099 ΧΠ,
397 1034 432 1099 4,
462 1037 539 1092 solus
566 1037 641 1093 iuret
672 1037 703 1092 in
730 1057 820 1093 manu
839 1037 965 1113 proximi
984 1037 1072 1094 Adit.
1092 1038 1169 1105 Illa,
1190 1041 1221 1103 l.

148 1146 184 1202 p.
208 1125 265 1187 35,
286 1127 385 1181 haeres
405 1125 488 1180 occisi
508 1125 655 1200 proximus
674 1126 821 1182 homicidii
841 1126 1073 1202 compositionem
1092 1130 1219 1188 exsolvat

154 1214 235 1278 ΧΠ,
255 1215 289 1277 6,
311 1215 334 1270 si
354 1214 418 1288 quis
443 1214 561 1269 fratrem
582 1234 666 1270 suum
697 1214 841 1279 occiderit,
869 1215 959 1272 solvat
987 1234 1054 1272 eum
1084 1219 1217 1293 proximo

154 1304 283 1368 haeredi,
311 1303 367 1358 sire
389 1310 440 1358 etc.
460 1301 541 1366 ΧΙΧ,
561 1301 595 1367 2,
618 1303 654 1360 de
675 1304 782 1360 mulcta
802 1304 919 1377 (nobilis
939 1305 1035 1374 occisit
1054 1304 1128 1362 duae
1147 1328 1218 1383 par·

154 1403 197 1450 tes
216 1393 253 1449 ad
274 1391 425 1448 haeredem
447 1391 542 1456 occisi,
564 1393 645 1450 tertia
665 1412 733 1469 pars
753 1393 790 1449 ad
808 1393 984 1469 propinquos
1000 1394 1061 1450 eius
1071 1398 1217 1471 proximos

153 1483 297 1558 pertineat
317 1480 342 1544 1.
365 1481 389 1538 l.
412 1480 459 1555 (Is.
479 1482 589 1537 haeres.

115 1572 284 1646 puelia:
315 1571 338 1625 si
367 1571 432 1644 quis
460 1571 586 1644 pueitam
617 1571 759 1646 virginem
780 1571 909 1647 rapuerit
928 1581 955 1628 et
975 1571 1110 1630 violatam
1129 1575 1217 1632 dimi-

153 1659 223 1715 serit
243 1659 296 1723 ΙΧ,
315 1659 417 1715 8-10,
440 1657 486 1728 Of.
507 1658 642 1716 foemina.

114 1768 241 1826 puers
270 1767 342 1823 puer
370 1748 421 1822 qni
451 1748 580 1804 nondum
613 1748 648 1803 12
667 1768 759 1806 annos
779 1748 864 1806 habet
884 1749 964 1806 And
992 1748 1048 1813 ΙΙΙ,
1069 1750 1126 1816 70,
1145 1772 1218 1828 puer

154 1837 279 1912 quilibet
309 1839 446 1892 innocens
475 1847 579 1892 sortem
610 1837 645 1892 de
675 1837 760 1894 altari
788 1838 887 1894 tollere
916 1838 999 1895 debet
1020 1839 1100 1904 XIV,
1123 1841 1148 1898 I.
1171 1840 1218 1916 (Is.

153 1927 263 1982 infans.

115 2035 165 2090 pu
180 2016 189 2070 l
203 2034 280 2070 moe
309 2015 331 2069 si
353 2033 405 2089 per
426 2014 529 2090 vulnus
548 2013 649 2089 pulmo
669 2022 750 2070 exeat
769 2013 865 2079 ΧΧΙΙ,
885 2013 931 2072 80.
956 2013 1003 2089 Of.
1026 2017 1140 2074 vulnus.

114 2125 167 2181 pu
182 2104 294 2160 nire:
323 2103 440 2178 capitali
461 2103 600 2160 sententia
621 2104 758 2179 puniatur
778 2103 866 2162 Add.
887 2103 914 2169 Ι,
934 2104 960 2162 3.
986 2104 1032 2177 Os.
1053 2106 1218 2182 culpabilis.

115 2193 338 2270 pupillusa
369 2192 392 2246 si
422 2210 480 2246 non
509 2192 624 2247 oculum
656 2193 821 2257 excusserit,
839 2193 889 2248 sed
909 2193 1035 2270 pupillos
1055 2193 1142 2252 And.
1163 2195 1222 2259 III,

156 2282 213 2346 48³
235 2285 273 2355 cs.
294 2281 403 2336 oculus.

113 2389 315 2447 purgare:
335 2387 401 2425 cum
421 2368 651 2424 coniuratoribus
671 2369 728 2425 suis
746 2379 925 2426 sacramento
945 2390 974 2426 se
994 2390 1119 2447 purgare
1138 2371 1219 2438 XIV,

156 2463 186 2516 lr.
211 2459 257 2533 Os.
278 2459 444 2534 purificarc,
463 2476 606 2513 excusare.

115 2571 136 2626 p
149 2569 167 2605 u
182 2549 217 2604 ri
229 2548 326 2604 ficar
338 2567 371 2602 e:
392 2555 419 2602 et
439 2547 524 2602 debet
544 2545 735 2620 nnuscuisque
755 2565 808 2603 sua
827 2547 996 2605 duodecima
1016 2568 1107 2606 manu
1125 2568 1154 2606 se
1164 2569 1220 2625 pu-

155 2637 273 2694 rificare
301 2644 477 2691 sacramento
507 2634 585 2698 ΧΠ,
609 2635 633 2690 I.
648 2655 682 2708 p.
707 2633 760 2698 143
782 2638 821 2708 cs.
841 2637 902 2712 [sua
932 2637 1100 2695 duodecima
1130 2659 1220 2696 manu

157 2726 328 2802 perfectorio
347 2733 523 2780 sacramento
543 2743 573 2779 se
594 2723 677 2779 debet
697 2743 831 2781 excusare
859 2724 938 2789 ΧΠ,
965 2724 994 2784 2.
1020 2747 1051 2800 p.
1085 2727 1135 2791 15,
1164 2748 1222 2803 quo

157 2819 193 2872 in
214 2817 275 2870 loco
296 2816 415 2871 acrorem
434 2812 634 2887 perfectorinm
657 2814 690 2867 in
708 2813 938 2889 purifactorium‚
968 2818 1025 2872 i.e.
1055 2817 1222 2892 purificato-

156 2905 248 2968 rium,
269 2903 488 2959 emendandum
508 2921 565 2958 esse
585 2920 689 2959 censeo.

118 3079 434 3165 Quaererae'qui
464 3077 698 3154 compositionem
725 3079 817 3154 ipsius
845 3098 985 3155 quaerere
1004 3085 1066 3140 ruit
1085 3083 1165 3150 xlv,
1189 3084 1222 3149 Ῑ,

158 3172 213 3247 qni
241 3169 473 3245 compositionem
503 3167 649 3224 homicidii
679 3170 795 3243 quaerit
823 3169 903 3234 ΧΠ,
924 3169 952 3232 3,
973 3171 1008 3231 4,
1029 3173 1054 3229 si
1073 3174 1224 3246 quaerenti

159 3260 280 3316 domino
308 3256 429 3330 [animal
453 3255 578 3332 fugiens)
598 3265 734 3332 negatum
753 3257 842 3314 fuerit
861 3256 950 3316 And.
969 3259 1037 3324 vn,
1060 3261 1085 3316 l.
1108 3259 1155 3331 Qf.
1176 3263 1224 3318 in-

159 3348 323 3424 terpellare.

118 3526 303 3600 Raperer
331 3523 354 3578 si
385 3522 450 3594 quis
479 3540 541 3577 rem
570 3521 729 3595 quamlibet
759 3522 789 3578 ri
809 3522 938 3598 rapuerit
958 3523 1040 3589 VIII,
1062 3525 1094 3592 13
1115 3527 1139 3584 si
1159 3528 1223 3606 quis

160 3613 290 3690 pueliam
311 3611 453 3686 virginem
473 3609 602 3684 rapuerit
622 3608 675 3673 ΙΧ,
694 3609 722 3667 8.
745 3609 792 3685 Of.
816 3610 864 3669 sis.

119 3725 161 3762 re
172 3705 238 3779 cip
249 3723 265 3759 e
276 3723 291 3758 r
302 3721 335 3758 e:
356 3699 381 3756 si
400 3699 509 3756 animal
529 3700 592 3773 (aut
612 3703 721 3778 servus)
742 3702 866 3776 fugiens,
885 3703 923 3758 ab
942 3703 999 3759 alio
1019 3705 1106 3762 fuerit
1126 3727 1226 3784 recep-

161 3804 225 3850 tum
246 3790 333 3848 Adai.
355 3787 424 3855 VII,
445 3791 470 3847 t.
494 3787 540 3864 Cf.
562 3789 682 3846 furtum.

121 3882 326 3940 redderer
355 3879 379 3938 si
408 3879 473 3954 quis
505 3897 620 3935 uxorem
655 3879 773 3935 alterius
803 3879 911 3944 tulerit,
930 3879 1032 3936 reddat
1051 3901 1114 3938 eam
1135 3883 1222 3945 Add.

163 3969 221 4028 III.
252 3967 307 4031 76,
338 3968 389 4042 qui
419 3967 528 4024 animal
558 3967 671 4043 fugiens
700 3968 832 4044 suscepit,
856 3968 958 4025 reddat
985 3970 1080 4046 ipsum
1101 3981 1151 4029 aut
1172 3983 1225 4033 etc.

162 4057 253 4116 Acin.
274 4056 342 4120 VII,
363 4057 399 4121 1,
421 4057 522 4126 reddat
542 4056 660 4114 domino
679 4056 741 4114 eius
760 4076 822 4114 rem
841 4059 1016 4134 praestitam.
1038 4060 1128 4118 Adel.
1148 4061 1186 4128 Χ,
1199 4063 1223 4123 Ι.

166 4147 213 4222 Of.
234 4144 391 4203 restituere.

121 4236 359 4294 redimere:
391 4233 415 4290 si
435 4233 504 4290 litus
523 4251 551 4290 se
572 4233 690 4310 propria
709 4233 831 4310 pecunia
851 4253 869 4290 a
888 4234 1005 4291 domino
1025 4253 1077 4292 suo
1096 4238 1226 4302 redeme.

165 4327 204 4382 rit
231 4322 283 4389 ΧΙ,
312 4322 349 4388 2,
378 4332 528 4398 componat
550 4323 623 4397 (fur)
643 4322 826 4399 weregildum
846 4343 931 4380 suum
952 4324 989 4380 ad
1008 4335 1119 4401 partem
1141 4332 1227 4410 regis,

165 4433 253 4472 manu
283 4413 321 4471 60
349 4413 448 4470 solidis
476 4412 610 4476 redimat,
636 4423 665 4470 et
683 4412 753 4470 furti
774 4413 1007 4490 compositionem
1027 4417 1151 4475 exsolvat
1171 4418 1231 4486 ΙΙΙ,

1046 4509 1085 4571 13
