3144 5460
350 551 400 596 xx
752 544 822 590 LEX
843 543 1050 594 FRlSIONUM·

354 753 482 818 nomino
506 749 684 818 Suffridum
710 747 801 814 Petri
825 748 865 814 de
888 748 1097 836 scriptoribus
1120 745 1254 827 Frisiae,
1278 746 1347 814 dec.
1371 745 1455 813 VII.

355 879 380 922 c.
415 858 474 935 10,
511 857 602 920 cuius
633 854 823 920 sententiam
854 855 952 920 nullis
986 853 1182 941 argumentis
1214 851 1454 933 confirmatum,

354 984 451 1049 quam
482 962 558 1027 olim
593 957 627 1026 S.
651 956 797 1026 Siccama
827 959 1073 1048 impugnaverat
1090 959 1133 1038 2⁷,
1167 969 1277 1024 nostro
1308 971 1455 1043 tempore

353 1089 470 1155 magna
505 1089 546 1132 ex
580 1077 670 1154 parte
705 1066 871 1131 revocavit
906 1065 954 1130 M.
978 1065 1018 1132 de
1043 1063 1138 1129 Haau
1167 1063 1319 1128 Hettema
1355 1060 1456 1129 Oude

354 1172 508 1238 Friesche
539 1167 692 1249 Wetten,
725 1169 949 1236 Leeuwarden
983 1170 1083 1236 1851.
1113 1168 1160 1234 Π.
1191 1192 1224 1256 p.
1257 1169 1336 1235 335.
1368 1170 1459 1247 344,

355 1278 491 1346 dicendo
515 1277 619 1364 legem
642 1275 825 1342 Frisionum
849 1277 999 1363 scriptam
1023 1299 1092 1341 esse
1114 1276 1199 1342 inter
1222 1297 1322 1341 annos
1339 1275 1461 1340 802-

357 1385 442 1463 804,
475 1380 653 1448 additiones
684 1380 866 1447 Wulemari
898 1383 982 1448 inter
1011 1403 1111 1446 annos
1136 1381 1338 1460 tot-936,
1363 1376 1460 1444 addi·

355 1490 458 1554 tiones
482 1485 661 1552 Saxmundi
684 1487 768 1552 19199
791 1509 890 1551 annos
917 1487 1146 1551 1213-1276
1166 1489 1208 1551 ²⁸.

405 1590 526 1658 Omnes
557 1591 626 1658 fere
657 1592 718 1657 viri
748 1589 843 1669 docti,
868 1592 924 1677 qui
949 1591 1197 1678 disputaverunt
1221 1589 1261 1656 de
1284 1592 1358 1679 lege
1381 1590 1459 1657 Fri-

356 1699 497 1780 sionum,
523 1697 741 1778 consentiunt,
765 1699 869 1787 legem
893 1699 995 1784 ipsam
1019 1709 1051 1763 et
1083 1696 1260 1763 additiones
1284 1696 1365 1784 legis
1390 1719 1459 1760 non

356 1803 469 1871 eodem
500 1816 643 1892 tempore
674 1805 807 1890 scriptas
835 1826 921 1881 esse3
946 1815 1044 1890 etque
1067 1803 1244 1884 intereos,
1269 1803 1325 1889 qui
1349 1803 1459 1890 legem
1566 1845 1567 1874 ἦ

356 1910 516 1978 conditam
548 1934 567 1977 a
598 1910 724 1976 Karolo
752 1909 875 1997 Magno
898 1909 1066 1989 dixerunt,
1090 1909 1219 1998 plurimi
1241 1918 1375 1995 putant,
1398 1909 1461 1973 ad-

356 2016 491 2083 ditiones
515 2017 595 2104 legis
618 2016 687 2100 ipso
712 2026 867 2102 regnante
891 2015 956 2104 legi
979 2037 1048 2080 9999
1072 2015 1221 2080 adiectas.

403 2121 469 2186 Ex
492 2143 586 2187 mea
617 2119 872 2186 sententia
896 2132 995 2186 1999
1020 2130 1184 2206 partes
1207 2120 1333 2208 legis
1357 2118 1459 2186 Fri·

356 2223 1204 2305 91999919991919999999119929,99
1240 2223 1459 2291 diversis

356 2331 655 2419 temporibus
704 2343 977 2416 conceptae.
1024 2329 1290 2417 Antiquissimam
1331 2341 1458 2417 partem

355 2439 436 2527 legis
467 2437 629 2503 conditam
660 2459 728 2502 esse
752 2458 884 2515 censeo,
916 2447 1086 2524 postquam
1111 2459 1194 2500 enno
1221 2435 1462 2500 734Kar01us'

355 2544 529 2609 Martellus
559 2543 698 2608 Frisium
721 2541 858 2607 mediam
881 2542 1013 2630 regibus
1037 2542 1237 2607 Francorum
1261 2541 1457 2622 subiecerat,

356 2661 389 2716 91
420 2647 551 2736 quidem
582 2649 651 2736 ipso
682 2647 807 2712 Kerolo
839 2647 993 2713 Martello
1024 2648 1077 2713 vel
1112 2646 1253 2734 Pippino
1289 2649 1358 2712 eius
1388 2648 1456 2714 filio

355 2765 527 2844 regnante,
559 2754 592 2818 in
616 2776 711 2818 usum
735 2752 859 2819 Frisios
883 2750 1022 2830 mediae3
1050 2752 1185 2818 alteram
1208 2763 1331 2839 partem
1356 2754 1456 2842 legis,
1566 2789 1567 2826 3

355 2871 525 2948 postquam
557 2882 639 2924 anno
675 2858 740 2923 785
773 2857 916 2925 Karolus
940 2858 1083 2946 Magnus
1106 2857 1243 2923 Frisium
1268 2859 1457 2924 orientalem
1566 2859 1567 2938 j

354 2965 543 3041 subiecerat,
565 2963 598 3027 in
622 2985 717 3027 usum
736 2965 838 3026 omnis
858 2963 996 3041 Frisiae3
1015 2965 1141 3029 tertiam
1158 2962 1297 3050 denique
1321 2975 1456 3050 partem,

356 3068 410 3134 vel
434 3067 613 3133 additiones
637 3066 732 3154 legis,
756 3090 838 3133 anno
864 3070 950 3147 802,
982 3080 1015 3134 91
1046 3069 1177 3155 quidem
1202 3092 1240 3134 eo
1264 3070 1394 3135 oonsilio
1418 3082 1457 3135 ut

355 3175 406 3238 ius
430 3172 614 3237 Frisionum
638 3172 785 3258 pluribus
808 3172 841 3237 in
865 3173 942 3238 locis
967 3173 1201 3238 emendaretur.
1566 3253 1567 3268 χ

402 3277 682 3355 Fundamentum,
722 3276 776 3342 vel
816 3288 853 3342 ut
892 3279 991 3345 verbo
1031 3289 1105 3344 utar
1139 3278 1245 3358 basin,
1282 3282 1457 3347 sententiae
1566 3273 1567 3340 1

355 3407 444 3449 meae
468 3384 508 3448 de
531 3395 693 3471 tempore,
725 3405 790 3469 quo
815 3382 930 3449 litteris
955 3385 995 3449 sit
1019 3394 1191 3470 conceptus
1215 3394 1323 3449 textus
1348 3399 1457 3452 noster

354 3488 435 3576 legis
478 3487 639 3566 Frisicae,
684 3487 754 3553 dico
789 3501 976 3578 tempus
1025 3513 1113 3577 quo
1161 3489 1456 3558 Francorum

353 3631 508 3648 —n—

390 3706 421 3755 27
457 3702 534 3753 (1991.
551 3703 630 3752 etiam
647 3703 841 3756 Schwartnonb.
858 3705 948 3755 Chart.
964 3705 986 3756 1.
1003 3705 1081 3756 Vorr.
1097 3722 1123 3770 p.
1140 3707 1226 3757 XCV.

388 3789 420 3834 28
455 3783 555 3846 Legem
582 3785 731 3834 Frisionum
758 3793 819 3850 post
846 3793 955 3836 mortem
984 3785 1087 3836 Ottonis
1113 3786 1127 3835 I
1153 3788 1317 3853 imperatoris
1333 3791 1457 3854 scriptam

352 3879 425 3926 esse,
450 3863 556 3913 coniicit
582 3863 620 3913 Μ.
647 3864 679 3915 (19
704 3865 780 3914 Hsan
805 3866 941 3915 Hettema:
966 3866 1018 3916 Hot
1044 3867 1118 3916 Μ999
1135 3867 1255 3930 Flevum,
1277 3869 1457 3920 Leeuwsrden

357 3951 430 3996 1854.
455 3959 481 4009 p.
506 3943 591 4007 XIII,
616 3959 649 3994 ex
674 3960 705 3995 so
724 3947 794 4009 quod
810 3946 837 3995 in
856 3948 945 3997 eadem
964 3947 1057 3996 fluvius
1076 3944 1178 3998 Sinksal
1196 3949 1260 3999 fines
1277 3949 1381 3999 iecisset
1398 3949 1457 4000 Fri-

352 4025 454 4076 sionum
472 4025 678 4075 occidentalium.
715 4026 790 4090 Ypey
807 4025 1020 4077 Nederlandschs
1038 4028 1120 4088 Τ991,
1143 4028 1269 4079 183211.
1286 4045 1312 4095 p.
1332 4035 1378 4080 121
1398 4045 1458 4080 cou-

351 4106 434 4166 99191,
450 4104 573 4168 scriptam
590 4120 647 4155 esse
664 4106 748 4170 legem
771 4106 919 4157 Frisionum
936 4114 1053 4172 tempore
1070 4108 1164 4157 Karoli
1180 4107 1280 4173 Magni,
1298 4111 1458 4162 additionem

351 4186 418 4250 legis
435 4198 496 4233 nero
516 4185 585 4234 91999
602 4199 695 4236 annum
713 4191 771 4238 900.

387 4269 418 4314 2⁹
453 4263 485 4312 In
511 4264 578 4314 11199
601 4281 660 4316 mee
686 4266 770 4318 Fries.
793 4267 1010 4332 Rechtsquellcn‚
1031 4268 1121 4321 Berlin
1142 4272 1460 4338 1999119999-

348 4343 460 4400 tentiam
476 4343 590 4394 breviter
607 4348 713 4408 notavi,
731 4361 814 4411 neque
831 4353 917 4398 temen
935 4349 1053 4413 exposui.
