3144 5460
495 575 567 622 anx
588 576 795 624 rarsronuu.
1152 566 1196 628 15

85 782 139 846 sin
165 805 241 850 vero
265 784 402 849 alterum
427 783 568 862 sustulit,
590 792 668 850 tunc
684 785 908 870 unusquisqne
924 783 1053 850 illorum
1070 797 1196 875 septem

83 888 186 954 faciat
210 912 299 959 suam
332 899 466 968 sortem,
499 889 533 954 id
565 900 614 954 est
644 899 772 969 tenum,
806 890 847 955 de
877 890 987 977 virge,
1020 902 1053 956 et
1088 893 1197 979 signet

84 995 183 1082 signo
223 1019 282 1062 suo
301 1004 334 1076 ⁹,
374 1008 411 1060 ut
454 1017 528 1062 cum
569 1007 633 1061 tam
674 995 729 1060 ille
771 1018 869 1081 quam
908 997 1027 1063 caeteri
1071 999 1192 1085 quicir·

83 1111 249 1167 cumstant
273 1124 466 1190 cognoscere
489 1101 630 1188 possiut;
661 1111 706 1166 et
725 1101 941 1168 obvolvantur
963 1102 1037 1168 lana
1060 1102 1195 1183 munda,

84 1217 123 1272 et
146 1207 239 1272 altari
263 1230 320 1272 seu
343 1208 488 1293 reliquiis
511 1209 735 1294 imponantur,
760 1217 793 1272 et
810 1208 981 1294 presbyter
999 1208 1025 1272 si
1042 1209 1196 1290 adfuerit,

84 1313 116 1375 si
149 1335 227 1378 vero
259 1335 323 1377 non
357 1323 395 1376 ut
428 1312 575 1399 superius
607 1334 690 1397 puer
721 1312 893 1392 innocens,
929 1335 1194 1400 unumquemque

84 1439 203 1481 aarum
235 1418 418 1505 singillatim
450 1418 491 1484 de
516 1418 610 1484 altari
634 1417 744 1496 tollat,
768 1429 800 1482 et
824 1419 854 1483 ei
878 1419 936 1503 qui
959 1441 1050 1484 ruam
1072 1432 1191 1487 sortem

83 1544 159 1586 esse
182 1525 385 1611 cognoverit,
413 1534 517 1610 rogat.
565 1521 667 1589 Cuius
691 1533 810 1588 sortem
834 1535 998 1589 extreman
1022 1547 1091 1590 esse
1115 1548 1191 1592 con·

81 1629 214 1714 tigerit,
247 1629 301 1694 ille
333 1629 496 1694 homicidii
527 1629 788 1716 compositionem
819 1629 1006 1716 persolvere
1037 1642 1191 1719 cogatur,

83 1735 223 1799 caeteris
253 1757 393 1821 quorum
424 1745 526 1800 sortes
550 1735 640 1821 prius
664 1734 789 1799 levatae
813 1745 888 1800 sunt
911 1735 1074 1802 absolutis.
1121 1739 1193 1827 (Π.)

83 1837 127 1904 Si
151 1851 258 1905 autem
283 1841 316 1906 in
339 1841 443 1927 prima
467 1840 605 1905 duarum
638 1841 774 1905 sortium
797 1841 964 1920 missione,
986 1842 1076 1906 illam·
1107 1867 1195 1930 quae

83 1947 193 2011 crucis
216 1947 308 2034 signo
331 1957 442 2011 notata
466 1957 533 2024 est,
556 1943 739 2025 sustulerit,
763 1947 949 2012 innocentes
973 1959 1084 2028 erunt,
1108 1950 1196 2014 sicut

82 2052 326 2138 praediximus,
362 2063 484 2140 septem
521 2053 577 2137 qui
612 2051 821 2131 iuraverunt,
859 2062 891 2117 et
929 2052 1000 2131 ille,
1037 2055 1063 2118 si
1095 2054 1194 2135 velit,

84 2159 169 2224 alios
201 2157 242 2223 de
267 2157 381 2223 eodem
404 2157 576 2222 homicidio
600 2157 798 2243 interpellet,
824 2168 857 2222 et
881 2157 1067 2244 quicunque
1091 2160 1191 2226 inter-

80 2265 227 2351 pellatus
250 2262 348 2328 fuerit
372 2285 430 2327 sua
454 2261 642 2327 duodecima
666 2285 763 2326 manu
783 2262 975 2349 perfectorio
992 2277 1193 2330 sacramento

82 2395 121 2436 se
159 2369 254 2435 debet
290 2391 460 2448 excusare,
497 2379 529 2434 et
564 2369 597 2433 in
633 2368 695 2433 hoc
718 2366 950 2455 interpellatori
983 2369 1123 2437 sufficiat
1140 2375 1170 2420 ¹⁰
1179 2419 1195 2451 ,,

81 2499 146 2541 nec
169 2475 306 2542 ulterius
329 2473 371 2540 ad
395 2487 512 2540 sortem
536 2473 711 2560 quemlibet
734 2474 925 2560 compellere
948 2484 1062 2562 potest.

134 2581 225 2646 Haec
241 2587 268 2631 ¹¹¹
301 2581 353 2646 lex
377 2582 461 2647 inter
483 2580 658 2646 Iraubocbi¹
678 2591 711 2646 et
733 2580 873 2646 Flehum
898 2579 1087 2647 custoditur.

138 2688 298 2754 Caeterum
325 2691 405 2753 inter
428 2688 559 2752 licitum
591 2697 619 2751 et
649 2686 823 2768 Sinofalana
845 2687 980 2770 fluuium
999 2710 1062 2772 pro
1087 2689 1196 2752 huius*

81 2797 175 2860 modi
198 2778 291 2858 causa
315 2793 386 2856 talia
411 2805 454 2856 ast
476 2792 676 2856 mutuando:

617 2914 667 2960 111.

134 3008 169 3070 Ia
192 3007 246 3090 qui
268 3002 516 3090 comportorem
539 3003 699 3068 homicidii
729 3006 863 3086 quaerit,
888 3002 921 3066 in
944 2998 1079 3087 reliqua
1101 3025 1197 3067 euna,

82 3126 187 3179 torum
211 3114 312 3188 iurat,
337 3133 368 3175 aa
402 3131 463 3172 non
498 3105 594 3172 aliurn
622 3108 660 3172 cla
683 3108 743 3171 lac
764 3129 799 3172 ra
823 3107 1105 3193 interpellatorem,
1129 3107 1199 3175 utet·

82 3244 134 3285 aaa
169 3214 275 3306 quiri
303 3212 400 3301 urnas
423 3215 582 3278 homicidii
608 3214 739 3299 suspaui
760 3214 840 3294 siat;
865 3225 892 3276 at
915 3223 984 3276 tuna
1007 3237 1118 3290 unum,
1143 3214 1191 3279 val

82 3329 170 3403 duos,
191 3324 237 3388 uel
260 3321 351 3387 etiarn
375 3334 442 3399 tres,
460 3331 513 3384 aut
530 3332 672 3405 quantuor,
691 3318 740 3383 orl
755 3318 898 3401 quotlibet
907 3319 1035 3395 fuerint,
1051 3319 1106 3402 qui
1121 3341 1189 3382 eum

82 3431 140 3514 qui
168 3431 282 3494 cociam
306 3439 347 3492 art
370 3427 622 3502 uulnerauerunt,
653 3425 692 3487 da
716 3423 880 3486 homicidio
905 3422 1077 3508 interpellat.
1125 3424 1196 3488 Sea

81 3533 223 3620 quamuis
245 3535 353 3620 ripinti
375 3545 429 3596 aut
452 3533 543 3596 etiarn
567 3531 693 3616 tripinta
707 3527 844 3616 fluitat,
860 3550 922 3593 non
938 3541 1039 3594 tantan
1055 3531 1190 3614 ampliua

83 3665 181 3727 quam
210 3652 325 3724 raptam
356 3637 573 3722 interpellandi
607 3649 694 3712 aunt,
727 3644 755 3698 ot
783 3630 984 3718 unusquisque
1007 3657 1112 3699 aarum
1136 3638 1191 3720 qui

80 3745 292 3832 interpellaturi
327 3757 371 3809 ast
411 3766 468 3806 rua
504 3743 685 3806 duodecima
720 3763 815 3803 manu
849 3741 946 3817 iuret,
983 3750 1011 3803 et
1051 3763 1081 3804 se
1115 3755 1190 3826 poet

81 3864 307 3917 sacramentum
330 3847 443 3914 ludicro
459 3847 527 3912 Du·
547 3846 785 3911 attaminandum
791 3845 929 3929 furanti
942 3865 1027 3929 aqua
1042 3847 1187 3910 innocen·

81 3969 140 4021 tarn
179 3958 325 4022 ostendat.
376 3953 439 4034 Qui
466 3955 590 4038 primus
628 3951 758 4025 iurauit,
792 3951 917 4035 primus
956 3951 1000 4012 acl
1037 3951 1186 4015 iudiciuin

81 4074 185 4139 enaat,
224 4074 253 4126 at
290 4061 332 4122 sic
351 4080 412 4143 per
459 4058 609 4122 ordinem.
670 4054 731 4135 Qui
760 4056 793 4117 in
809 4058 838 4101 ¹2
883 4055 997 4118 iudicio
1031 4057 1186 4141 probatus

81 4170 217 4233 inuentus
245 4166 362 4250 fuerit,
402 4163 645 4248 compositionem
685 4159 848 4223 tomtctdu
871 4159 1044 4244 persoluat,
1079 4173 1107 4225 at
1142 4163 1187 4225 acl

76 4287 202 4358 partam
237 4271 315 4356 repis
347 4270 393 4333 bis
423 4268 618 4353 uerrpildurn
651 4288 739 4332 auum
759 4267 809 4340 ¹³5
841 4266 952 4329 aaran
978 4267 1187 4347 coniuratorae

80 4381 159 4442 sicut
181 4377 320 4468 nuperius
335 4378 365 4422 ¹4
399 4375 439 4439 dc
458 4374 597 4464 periuria
622 4373 736 4440 dictum
759 4383 810 4438 eu.
