3144 5460
487 592 558 641 unx
579 593 787 643 nn1s1ounu.
1085 597 1203 668 xxxin

193 799 240 864 tit.
272 795 373 866 XIV.
398 821 424 864 o.
450 799 471 863 3
496 793 593 886 (Gap.
620 801 640 864 3
665 801 809 866 additum
833 797 946 864 estad
974 822 1044 888 cap.
1070 804 1087 867 1
1113 814 1146 869 ot
1179 805 1198 868 2

99 903 186 969 tituli
217 903 377 970 eiusdem:
409 905 500 971 Haeo
531 904 581 972 loo
613 907 693 972 into
716 907 881 972 Louboolo'
904 917 931 971 ot
953 907 1080 975 Melum
1102 921 1200 975 uoto-

100 1010 186 1074 diuo·
217 1011 249 1096 [i.
280 1033 308 1076 o.
338 1012 371 1076 in
401 1032 470 1097 oap.
505 1012 522 1073 1
557 1031 597 1076 en
630 1013 848 1100 lexposito]:
873 1024 1001 1077 ceterum
1024 1014 1102 1080 inter
1125 1015 1200 1082 Flo-

99 1115 172 1179 lmm
209 1127 237 1180 ot
271 1116 444 1202 &offulam
470 1118 605 1205 fluvium
637 1141 699 1204 pro
732 1119 908 1183 huiusmodi
938 1140 1032 1183 oauoo
1063 1119 1135 1185 tolio
1158 1133 1201 1186 eoo

99 1222 278 1285 consuetudo
304 1228 390 1312 eto).
502 1253 504 1257 ·

193 1322 270 1389 ibid.
301 1345 329 1389 o.
361 1327 451 1388 4-7
485 1321 581 1411 (Cup.
613 1327 704 1391 4-7
730 1325 841 1393 addita
864 1327 1004 1393 suntad
1028 1350 1096 1414 cap.
1123 1330 1140 1392 1
1168 1340 1201 1395 et

100 1430 121 1492 2
146 1428 233 1493 tituli
258 1427 417 1494 eiusdem:
442 1429 495 1494 Do
519 1431 625 1495 eodem
647 1453 681 1496 ro
704 1432 784 1496 inter
807 1428 970 1497 Laubooloi
992 1444 1022 1498 ot
1044 1433 1200 1499 Wioaram

90 1534 225 1616 fluuium
248 1535 320 1598 tolio
344 1547 387 1600 ost
410 1536 591 1599 consuetudo
616 1535 701 1623 eto).

191 1638 240 1703 tit.
271 1637 352 1704 XV.
385 1661 454 1725 cap.
489 1640 579 1702 1-4
613 1636 782 1727 (Capitula
808 1642 898 1705 1-4
922 1641 1103 1730 weregeldo
1125 1641 1200 1710 Fri-

97 1744 163 1807 sino
198 1744 360 1809 orientalis
396 1754 576 1830 exponunt:
612 1745 657 1809 Eo
687 1747 743 1810 loo
774 1747 807 1810 io
831 1748 940 1812 eodem
969 1749 1090 1834 φορέοντο
1114 1747 1147 1834 [ἱ.
1172 1771 1200 1813 e.

97 1850 181 1913 inter
203 1847 373 1915 Loubaohi
397 1859 429 1913 et
453 1847 626 1935 Wisaram]
652 1851 755 1916 taliter
777 1851 951 1916 oboorooour
974 1847 1060 1937 eto).

191 1954 240 2018 tit.
263 1953 364 2019 XVI.
388 1949 491 2036 (Inter
514 1953 659 2020 Loubaoi
681 1967 709 2019 oo
730 1950 903 2040 Sinofalom
926 1956 963 2020 de
975 1956 1074 2041 frodo
1098 1960 1184 2043 eto).

190 2059 240 2123 tit.
270 2057 391 2124 XVII.
422 2080 449 2122 o.
484 2057 572 2122 1-5
602 2058 750 2146 (Titulus
781 2059 954 2143 inscriptus
985 2063 1051 2128 Hio
1081 2062 1201 2126 bonnus

100 2177 152 2242 eoo,
167 2164 218 2227 ius
242 2163 365 2229 Frisine
390 2161 512 2227 mediae
536 2163 677 2249 exponit,
701 2174 734 2228 et
757 2163 791 2227 in
815 2183 884 2249 cap.
914 2162 935 2226 4
959 2164 1060 2230 verbo
1087 2187 1200 2232 occur-

98 2279 193 2333 runt:
216 2269 300 2332 ultro
322 2268 487 2332 Louboolo'
508 2290 613 2333 vero
637 2271 670 2332 iu
694 2269 841 2354 amplo).

192 2373 240 2438 tit.
270 2371 399 2437 XVIII
431 2371 500 2456 (De
531 2373 580 2438 die
607 2373 903 2440 dominico...ultra
926 2369 1200 2456 Laubooli...,in

98 2479 222 2543 coeteris
245 2478 317 2543 looo‘o
341 2477 463 2542 bloio
487 2476 573 2564 oto).
758 2538 766 2546 ,

191 2583 239 2647 tit.
263 2581 340 2646 XX
364 2581 509 2668 (Titulus
534 2579 574 2645 de
598 2583 669 2647 iuro
691 2581 816 2648 Frisiae
833 2583 957 2650 mediae
973 2583 1103 2650 additus
1116 2587 1199 2676 eso).

191 2688 240 2753 tit.
275 2685 379 2752 XXI.
415 2686 487 2751 odd.
524 2685 579 2772 (In
613 2686 678 2752 fine
714 2687 801 2752 tituli
838 2687 947 2754 addita
982 2702 1058 2755 sunt
1081 2691 1199 2756 verba:
1247 2715 1251 2723 ·

97 2794 182 2857 ultra
206 2793 370 2859 Laooaclo‘
391 2814 495 2855 voro
518 2792 715 2877 woroqildum
737 2793 919 2878 simplum).

146 2894 218 2964 Sint
241 2893 375 2960 fortasse
400 2895 455 2978 qui
479 2893 639 2974 iudicent,
663 2894 804 2980 capitulo
828 2894 879 2960 vel
903 2895 1003 2961 verba
1025 2898 1106 2964 haee
1129 2899 1200 2964 lun·

99 3001 175 3068 dota
205 3001 338 3087 reliquis
370 2999 517 3086 capitulis
548 3000 601 3065 vel
634 3000 740 3066 vorbis
764 3000 844 3089 legis
868 3000 1068 3080 Frisionum‚
1092 3001 1200 3073 Addi-

98 3108 186 3172 tione
210 3103 399 3191 sapientum
424 3104 571 3184 exclusa,
595 3123 659 3170 non
682 3107 859 3192 posteriore
891 3105 1030 3192 quodam
1054 3118 1199 3196 tempore

99 3233 168 3276 esso
200 3209 376 3296 adscripto,
408 3206 465 3274 sed
494 3211 564 3296 ipso
596 3233 679 3274 anno
711 3232 776 3296 qno
808 3210 862 3274 lex
892 3211 933 3275 sit
960 3223 1131 3300 concepta,
1154 3216 1200 3282 ita
1309 3257 1312 3263 -

99 3327 137 3381 ut
167 3317 224 3402 qni
255 3316 360 3402 legem
391 3313 592 3381 condiderint
621 3316 760 3402 primum
791 3316 907 3381 litteris
934 3315 1137 3383 mandassent
1160 3320 1200 3385 il·

98 3422 162 3490 lum
195 3431 320 3507 partem
354 3420 434 3507 legis
470 3418 510 3486 do
545 3421 616 3486 iure
651 3419 774 3485 Frisioe
813 3417 954 3500 mediae,
992 3443 1089 3509 qnam
1125 3422 1197 3490 dico

98 3527 371 3612 antiquissimum,
400 3534 512 3611 postea
542 3545 637 3605 vero,
670 3547 767 3612 opere
798 3545 857 3590 suo
886 3527 942 3590 vix
964 3527 1072 3608 finito,
1096 3529 1198 3615 ipsum

100 3632 206 3720 legem
238 3630 400 3696 auxissent
432 3629 655 3696 additamentis
686 3629 878 3717 quibusdum
911 3631 952 3696 do
979 3633 1051 3698 iure
1074 3632 1199 3700 Frisiae
1272 3683 1277 3704 ι

98 3735 259 3802 orientalis
290 3747 322 3802 et
353 3735 576 3816 occidentalis,
609 3758 710 3823 aeque
742 3759 780 3802 ao
802 3736 964 3803 nonnullis
987 3739 1134 3826 capitulis
1158 3739 1199 3804 de

97 3843 169 3908 iure
203 3841 328 3908 Frisiao
363 3841 486 3908 mediae
521 3843 556 3906 in
590 3840 662 3929 lege
686 3842 784 3928 poulo
808 3853 902 3907 anteo
925 3843 1044 3931 scripta
1067 3844 1198 3909 omissis.

97 3947 171 4036 Ego
207 3969 285 4013 vero
320 3968 432 4013 oenseo
468 3946 552 4012 hano
587 3947 776 4012 senientiam
816 3969 885 4012 esse
924 3946 1199 4043 contemnendam.

99 4051 347 4132 Additamento,
378 4074 462 4138 quae
489 4074 531 4117 ox
554 4050 709 4116 sententia
733 4073 830 4137 quom
854 4049 1117 4140 improbaverim,
1142 4077 1200 4120 an·

99 4159 296 4244 tiquissimao
327 4159 393 4246 legi
424 4157 609 4223 Frisionum
640 4156 737 4244 paulo
769 4167 842 4244 post
873 4169 948 4224 sunt
979 4158 1119 4239 adiecta,
1147 4161 1200 4227 ius

101 4263 263 4331 continent
298 4263 386 4350 qnod
420 4264 466 4330 ito
501 4262 609 4330 differt
644 4261 684 4327 ob
720 4263 791 4328 iure
825 4263 858 4326 in
886 4263 957 4352 lege
980 4265 1200 4353 antiquissimo

101 4372 262 4457 exposita,
299 4382 337 4435 ut
374 4368 441 4434 sine
477 4367 576 4436 dubio
612 4368 740 4456 longius
771 4369 922 4457 temporis
954 4369 1092 4458 spatium
1115 4371 1199 4437 inter

1043 4499 1061 4542 o
