3158 5464
355 515 384 580 Τ
406 513 701 584 ΙΤ.Χ1111[.-Τ
724 535 736 579 1
758 535 790 582 r.
810 515 914 585 XIX.
956 524 970 604 ξ
993 523 1023 583 1.
1197 515 1238 582 65

131 730 229 772 servos
258 711 383 770 rendere
412 712 489 770 intra
512 719 539 768 et
558 719 639 768 extra
658 712 731 768 fines
763 713 932 789 »patriae‘'.
964 731 1056 786 nequo
1077 721 1184 777 tamen,
1204 716 1237 770 nt

132 803 228 859 verbis
247 800 367 876 capituli
395 799 414 858 5
444 799 522 858 tituli
543 798 612 857 XVI
633 808 708 864 utar.
728 820 743 854 n
755 801 787 858 in
806 820 933 878 paganas
952 807 1081 878 gentes’'‚
1099 801 1176 876 qnod
1197 801 1235 856 si-

132 890 243 949 militer
269 889 454 946 interdictum
485 897 527 945 est
556 889 619 964 lego
648 888 742 948 diam.
762 889 900 949 XXXVII
921 901 948 948 et
968 890 1085 966 capitul.
1106 889 1235 947 IIarlom.

132 1000 160 1038 a.
193 977 251 1036 743
281 997 306 1037 c.
332 976 359 1037 3.
400 979 522 1036 Causam
542 979 629 1036 huius
647 978 792 1036 interdicti
812 981 932 1038 tradunt
951 982 1035 1037 nobis
1056 981 1141 1038 rerba
1160 981 1237 1057 epis·
1309 1015 1312 1020 -
1430 1007 1432 1012 ·

133 1071 209 1128 tolae
240 1068 322 1127 XXV
353 1069 384 1128 S.
414 1066 554 1126 Bonifacii
584 1069 630 1127 ed.
649 1068 847 1128 Wtirdtneina
869 1073 922 1128 leco
941 1090 1052 1146 qnoqaae
1073 1075 1153 1127 inter
1171 1073 1238 1126 ulia

135 1162 269 1217 ommino
299 1161 355 1233 agi
383 1161 416 1215 in
440 1160 586 1232 partibus
617 1159 683 1215 illia
713 1159 839 1224 dimisti,
861 1161 940 1236 qnod
959 1161 1085 1235 qnidam
1103 1179 1142 1217 ecc
1159 1159 1237 1230 ficlo-

134 1253 215 1308 le'bue
234 1249 279 1306 cd
297 1249 515 1306 immolandum
529 1250 741 1324 paganismo
761 1251 927 1306 venundent
946 1252 1113 1324 mancipio.
1126 1247 1235 1305 Grimm
1313 1315 1315 1322 Α

133 1337 309 1416 mythologie
329 1358 359 1413 p.
382 1335 429 1394 39.

179 1427 209 1461 ³⁹
252 1425 340 1482 Nulla
369 1434 411 1481 est
441 1425 595 1486 dubitatio.
623 1425 695 1499 quin
727 1423 827 1482 titulus
858 1423 957 1482 thtt
980 1427 1101 1502 scriptus
1121 1426 1157 1482 sit
1176 1433 1241 1502 post

135 1535 251 1573 annum
281 1513 349 1578 785,
377 1533 435 1589 qno
469 1513 560 1568 Frisia
589 1511 738 1570 orientalis
772 1515 824 1570 hoc
852 1515 884 1571 in
907 1515 988 1572 titulo
1008 1522 1244 1578 commemorata.

136 1605 254 1680 regibus
280 1598 456 1659 Francorum
486 1611 527 1658 est
547 1602 685 1666 subiecta.
705 1620 797 1678 neque
817 1613 900 1659 erant
921 1603 1063 1661 lli-isiones
1084 1603 1238 1660 orientales

135 1703 203 1750 ante
230 1694 309 1749 hunc
334 1711 446 1746 annum
475 1690 606 1766 religioni
635 1691 807 1747 christianae
838 1693 953 1750 addicti.
996 1693 1060 1749 Dies
1080 1693 1240 1749 dominicas

136 1782 268 1859 religiose
298 1780 445 1836 habendas
476 1779 635 1836 decernunt
654 1780 825 1854 capitularia
848 1801 946 1856 regum
968 1782 1143 1838 Francorum
1163 1801 1238 1857 quae

136 1872 313 1928 addicuntur
341 1869 425 1926 annis
455 1868 522 1926 5511.
551 1887 575 1924 c.
602 1868 612 1923 l
637 1869 667 1924 in
688 1869 765 1926 ItIon.
785 1871 882 1926 Germ.
903 1870 962 1926 LI..
982 1869 1005 1928 I.
1025 1891 1055 1947 p.
1078 1872 1104 1935 1,
1124 1892 1152 1929 a.
1172 1871 1241 1930 596.

135 1981 161 2019 c.
194 1958 239 2015 14.
269 1958 341 2016 ibid.
369 1979 398 2034 p.
431 1959 477 2021 10,
506 1979 533 2015 a.
565 1956 630 2014 755.
656 1977 681 2016 o.
705 1959 748 2014 tt.
768 1979 798 2034 p.
819 1958 866 2022 26,
887 1979 913 2015 a.
934 1958 1000 2017 789.
1020 1979 1044 2016 c.
1064 1960 1112 2018 80.
1133 1981 1162 2037 p.
1183 1961 1239 2018 66:

137 2048 263 2106 maxime
288 2066 354 2104 curn
384 2047 466 2102 titulo
496 2047 564 2122 legis
585 2047 748 2104 Frisiorum
768 2057 942 2122 congruunt.
960 2067 1034 2122 quae
1054 2048 1085 2105 in
1106 2051 1167 2125 lege
1188 2049 1242 2106 Ba·

137 2138 324 2196 lanariorum
349 2136 398 2199 VI.
418 2136 435 2192 2
455 2146 481 2192 ct
502 2138 532 2193 in
553 2137 614 2212 Iege
635 2137 862 2194 Alamannorum
883 2133 1035 2196 XXXVIII
1055 2138 1201 2214 leguntur.

181 2227 211 2262 ⁴⁰
255 2225 395 2302 Quntnor
415 2227 524 2281 solidos
554 2226 715 2296 culpabilis
745 2226 910 2287 indicetur.
940 2227 1015 2282 conf.
1042 2227 1073 2284 in
1094 2227 1149 2304 leg.
1170 2227 1242 2284 uns.

136 2315 232 2380 XXII.
253 2314 308 2372 65:
327 2333 384 2388 pro
397 2315 494 2388 flecta
514 2321 646 2389 qrtntncr
665 2314 773 2370 solidos
792 2316 837 2370 ad
849 2325 972 2389 partem
991 2321 1083 2390 regie.

181 2403 211 2439 ⁴¹
255 2403 315 2462 cfr.
333 2403 389 2480 leg.
410 2402 471 2460 Bai.
494 2402 546 2466 VI.
564 2400 592 2460 2.
614 2402 627 2478 ξ
648 2401 666 2460 3
685 2411 713 2460 et
732 2401 752 2460 l.
774 2403 866 2461 dlam.
887 2403 1049 2470 XXXVIII,
1067 2405 1094 2462 2.

182 2494 212 2530 ⁴²
255 2493 316 2550 cfr.
335 2492 390 2569 leg.
411 2491 483 2547 Fris.
503 2490 559 2554 111.
577 2491 605 2549 7.

183 2583 214 2619 ⁴³
257 2581 385 2641 Verbum
420 2581 607 2657 parricidium
627 2582 743 2656 exponit
765 2583 816 2638 hoc
837 2583 867 2638 in
888 2583 971 2639 titulo
991 2583 1061 2659 legis
1081 2581 1242 2643 I'risionum

138 2673 310 2732 occisionem
338 2671 427 2746 patris
456 2690 506 2727 eeu
534 2670 669 2735 fratrum,
696 2671 760 2726 aliis
789 2690 854 2728 vero
883 2671 915 2728 in
935 2661 1046 2748 legilms
1067 2673 1244 2731 Germanicis

138 2784 204 2823 earn
234 2761 366 2818 omnium
393 2769 580 2834 cognatorum
609 2761 820 2835 proximorum.
857 2759 993 2837 Magnam
1013 2761 1100 2818 fuisse
1120 2765 1244 2819 anctori—

139 2863 228 2911 tatem
256 2850 389 2908 ecclesiae
415 2849 587 2908 christianae
607 2853 637 2904 In
658 2848 704 2912 iis.
723 2868 798 2925 qnae
817 2849 894 2925 leges
914 2850 1101 2908 Germanicae
1121 2853 1157 2908 dc
1176 2871 1244 2928 par·

139 2941 244 3001 ricidIo
272 2940 460 3004 constituunt.
488 2939 664 2996 demonstrat
694 2938 1243 3016 virdoctusWildaStrafr.p.·714;

141 3031 207 3090 ride
236 3029 294 3106 leg.
321 3029 388 3104 Rip.
419 3027 521 3085 LXIX.
553 3046 577 3084 c.
610 3025 640 3092 2,
669 3027 723 3103 leg.
754 3028 848 3086 Alam.
877 3027 939 3093 XL.
960 3029 1013 3089 Ed.
1032 3030 1117 3088 Roth.
1140 3030 1204 3094 163,
1225 3032 1246 3090 I.

141 3118 318 3197 Lnitprandi
341 3118 387 3183 lt.
406 3119 430 3174 l.
449 3117 551 3193 Wisig.
571 3116 624 3181 VI.
642 3115 670 3174 5.
691 3117 705 3192 ξ
729 3116 772 3175 17.
797 3117 841 3176 19.

186 3207 217 3244 ⁴⁴
261 3205 366 3264 Omnes
396 3207 470 3282 leges
499 3206 684 3265 GermanIcae
712 3206 886 3284 parricidam
916 3209 1101 3271 exheredant.
1121 3211 1245 3267 maxima

142 3307 239 3357 antem
259 3316 369 3374 poenae
388 3296 541 3360 differunt.
560 3297 667 3372 quibus
686 3315 751 3354 enm
774 3297 931 3358 mulctant;
952 3297 982 3352 io
1003 3297 1129 3372 capitulo
1151 3299 1247 3372 primo

142 3389 222 3447 tituli
250 3386 317 3444 XIX
347 3387 418 3464 legis
438 3385 510 3444 Fris.
531 3387 571 3442 ita
591 3385 775 3444 constitutum
796 3395 847 3449 est.
867 3395 897 3442 ut
916 3387 1006 3461 patris
1026 3387 1192 3444 interfector
1211 3386 1247 3443 sit

142 3479 272 3542 exheres.
301 3475 333 3533 in
363 3475 490 3552 capitulo
520 3475 645 3532 secundo
672 3484 781 3539 antem,
807 3483 838 3530 ut
857 3475 1022 3533 interfector
1041 3477 1139 3534 fratris
1159 3496 1247 3533 nere-

142 3569 261 3646 geldnm
290 3565 374 3626 occisi
405 3565 562 3642 »proximo
595 3565 713 3622 heredi''
735 3565 808 3630 eius,
827 3567 879 3622 hoc
899 3575 996 3624 autam
1016 3566 1166 3624 deficiente
1186 3567 1246 3644 regi

143 3659 244 3715 solvat.
284 3656 421 3712 Genauam
448 3673 484 3711 ex
510 3654 575 3731 lege
594 3653 758 3712 Prisianum
778 3662 862 3731 patre
881 3655 1031 3713 interfecto
1051 3657 1136 3713 etiam
1158 3675 1247 3712 uere-

143 3745 262 3825 geldum
291 3746 329 3801 ab
349 3743 530 3802 interfectore
553 3743 721 3800 solvendum
741 3743 838 3808 fnisse,
857 3753 943 3818 atque
962 3764 1029 3801 eum
1049 3745 1138 3801 fratre
1157 3745 1249 3800 occiso

144 3833 350 3894 exheredatum
379 3833 477 3890 fnisse.
524 3832 598 3890 Cum
628 3832 690 3907 lege
708 3831 872 3890 Prisianum
891 3833 1066 3890 conferenda
1085 3843 1152 3890 sunt
1172 3833 1248 3908 capi-

145 3924 209 3983 tula
238 3923 309 3980 anni
340 3921 409 3987 803,
437 3940 511 3997 quaa
538 3922 572 3978 in
603 3921 664 3996 lege
695 3920 790 3979 Salica
822 3923 961 3978 mittenda
981 3932 1058 3986 sunt.
1076 3923 1109 3978 in
1128 3941 1191 3998 cap.
1212 3921 1250 3980 5ι

145 4016 175 4071 ei
194 4015 277 4088 qreie.
289 4013 453 4086 ..aliquem
473 4011 510 4066 de
522 4011 708 4085 propinquis
726 4013 804 4070 sacia.
816 4011 984 4076 occiderit.
1004 4013 1041 4068 id
1059 4021 1101 4069 eet
1114 4021 1251 4086 patrem.

146 4110 287 4166 matram,
315 4102 497 4174 patruelem.
514 4103 709 4166 carracedum,
730 4101 777 4156 cel
794 4103 956 4174 quamlibet
987 4102 1162 4158 haeiaaeamode'
1175 4119 1252 4176 prc-

139 4192 331 4270 pr'nque'tatis
344 4208 520 4263 personam.
538 4190 692 4246 morantur
710 4197 775 4253 etc..
794 4187 871 4246 Mon.
892 4189 986 4246 Germ.
1007 4189 1065 4248 Lt..
1089 4189 1112 4248 1.
1134 4210 1164 4266 p.
1188 4191 1251 4248 113.

145 4280 212 4340 Atio
233 4278 316 4336 modo
336 4277 523 4355 parricidium
536 4285 597 4335 erat
616 4277 798 4354 puniendum
819 4296 854 4334 ex
873 4278 1031 4354 capitular.
1051 4299 1079 4338 a.
1098 4279 1166 4338 829.
1187 4298 1210 4338 c.
1223 4278 1254 4346 2,

146 4368 187 4429 ll.
209 4367 241 4424 G.
263 4365 321 4426 LI..
341 4366 364 4425 I.
385 4388 414 4443 p.
434 4365 501 4424 353.

1093 4461 1112 4527 5
