3158 5464
455 519 485 584 Τ
506 538 520 584 1
541 537 573 584 r.
588 519 713 588 XVII·
754 528 770 609 t
793 524 886 590 1-20
1178 527 1219 592 63

114 714 181 772 3113
200 713 257 792 133.
278 713 354 784 Fris.
370 713 465 780 XVII.
484 713 512 773 4.
532 713 607 774 ndt.
626 715 771 784 Ι,2313.;
791 726 819 775 et
838 737 985 776 summum
1000 719 1126 789 fredum,
1139 721 1219 796 quod

114 806 332 880 exsequebatur
360 803 528 880 weregeldo‚
556 811 584 860 et
612 804 710 862 locum
739 813 822 863 tenet·
843 825 935 868 noxae
962 794 1102 886 capitalis.
1128 813 1218 885 quam

113 894 223 951 occisor
241 902 398 958 meruerat,
416 892 481 951 ride
498 893 521 952 l.
540 892 613 971 Fris.
632 893 728 960 xvlt.
747 893 775 954 4.
796 893 814 952 5
834 903 886 953 ete.

156 981 189 1016 'l
233 982 346 1040 Titulus
375 981 460 1040 XVII
489 982 642 1058 inscriptus
673 985 724 1041 lric
754 985 869 1042 333333
889 993 942 1050 est,
961 1003 1042 1042 cesus
1061 987 1218 1046 nonnullos

114 1081 277 1136 enumerat,
305 1071 338 1127 in
357 1071 464 1146 quibus
482 1070 581 1128 fredae
600 1079 628 1128 et
647 1071 770 1129 mulctae
789 1071 898 1138 banno,
917 1073 949 1130 id
968 1082 1011 1130 est
1030 1073 1121 1132 edicto
1140 1076 1216 1152 33313

114 1159 593 1236 speciali,siutauctae;quaedam
614 1179 714 1218 earum
726 1161 824 1218 novies
844 1170 973 1238 sumptae
992 1171 1154 1221 monstrare
1173 1166 1217 1222 31·

113 1238 234 1301 dentur.
261 1235 379 1294 titulum
408 1236 570 1311 posterioris
598 1253 658 1293 esse
673 1235 816 1313 originis,
834 1246 862 1294 et
881 1238 1011 1314 quidem.
1028 1248 1062 1296 ut
1085 1259 1218 1314 censeam

113 1324 268 1390 3331185,
287 1324 352 1382 ride
373 1324 464 1400 praef.
484 1345 516 1402 p.
536 1321 654 1384 XXXV·
673 1324 792 1382 Faunus
807 1335 853 1410 est
871 1327 991 1384 uerbum
1012 1327 1215 1386 Germanicum

114 1417 173 1472 333
204 1413 411 1490 (mandatum),
439 1413 518 1488 quod
548 1413 683 1470 scribitur
711 1413 742 1471 in
769 1413 891 1472 dialecto
920 1415 1077 1473 recentiore
1106 1416 1215 1476 Frisiae

113 1501 262 1560 orientalis
293 1505 357 1567 333,
375 1502 406 1558 13
427 1501 496 1558 dial.
516 1500 624 1558 Frisiae
645 1502 756 1560 mediae
776 1505 844 1567 333,
863 1503 938 1563 conf.
959 1501 1048 1562 Fries.
1067 1503 1213 1570 W'drterb.

112 1611 144 1668 p.
164 1589 372 1657 65831ndial.
393 1589 460 1650 Sex.
481 1599 536 1649 vet.
555 1591 718 1657 3333331.
739 1589 882 1659 Heliand3
900 1593 931 1650 in
951 1592 1022 1653 dial.
1044 1593 1131 1652 theol.
1150 1615 1218 1674 sup.

113 1688 169 1737 vet.
194 1699 272 1754 pon,
301 1682 377 1744 bam
407 1679 456 1737 lex
485 1678 580 1738 Saliee
611 1677 660 1746 49,
678 1677 697 1738 3
717 1681 810 1738 utitur
829 1681 916 1738 verbo
926 1683 1128 1756 ser-bonnm,
1149 1683 1215 1743 ride

113 1768 278 1826 lliillenhof
294 1769 332 1826 ad
362 1765 456 1827 Waitr
486 1767 546 1827 Sel.
578 1767 613 1826 11.
631 1789 662 1846 p.
682 1765 740 1826 282
760 1777 787 1826 et
809 1769 920 1827 Grimm
940 1766 998 1827 111.
1018 1789 1049 1846 p,
1067 1770 1214 1834 732844.

112 1857 156 1915 Ile
186 1875 252 1915 3333
280 1859 406 1922 333333,
436 1874 510 1932 quae
541 1856 573 1913 13
603 1856 688 1914 titulo
710 1855 796 1916 XVII
816 1855 888 1934 13313
907 1854 980 1913 Fris.
1002 1876 1061 1915 non
1081 1859 1216 1920 describit

113 1948 245 2004 bannum
275 1946 386 2022 regium
418 1945 456 2003 60
484 1944 653 2010 solidorum.
683 1947 716 2002 iu
735 1944 827 2002 Frisia
847 1945 982 2003 orientali
1001 1942 1033 2002 in
1054 1946 1137 2006 titulo
1157 1947 1217 2018 ΙΠ,

112 2034 142 2094 8.
173 2025 205 2093 9
220 2043 248 2092 et
277 2031 357 2100 XIV,
384 2033 402 2090 7
431 2033 486 2110 133.
518 2033 591 2091 Fris.
610 2041 865 2092 commemoratum
884 2031 972 2091 latius
991 2033 1111 2095 dieuntr
1145 2037 1215 2098 Wo-

111 2125 218 2202 313333
236 2145 267 2202 p.
291 2121 356 2188 164,
373 2121 472 2181 Wilda
491 2143 520 2199 p.
541 2121 598 2180 469
617 2131 646 2179 et
669 2123 760 2180 Waltz
781 2121 823 2181 ΙΙ.
841 2144 871 2200 p.
891 2121 958 2182 537.
978 2121 1034 2181 III.
1053 2144 1084 2201 p.
1107 2123 1175 2184 276.

154 2212 187 2248 ²⁸
229 2211 362 2288 capitulo
390 2211 485 2287 primo
515 2210 592 2267 tituli
622 2207 708 2269 XVII
738 2211 923 2271 coustitutum
953 2219 1006 2276 est,
1023 2220 1057 2268 ut
1075 2215 1213 2277 muletam

111 2321 237 2378 poenam
265 2302 343 2378 pacis
372 2301 469 2358 333133
498 2308 643 2376 sumptam
672 2299 808 2366 33331331,
826 2301 877 2376 qui
897 2302 928 2357 13
948 2301 1076 2358 exercitu
1095 2321 1215 2380 congre-

110 2402 179 2470 3313
208 2390 343 2448 delictum
373 2388 555 2446 commiserit.
603 2387 729 2445 Fredum
748 2389 844 2446 novies
864 2397 1012 2466 sumptum
1032 2390 1074 2446 ita
1092 2393 1217 2468 explico,

111 2490 144 2538 ut
174 2479 316 2558 significet
343 2477 459 2536 fredum
490 2477 508 2536 9
536 2487 564 2542 ><
594 2477 632 2536 30
654 2477 812 2536 solidorum
832 2487 882 2536 aut
902 2477 921 2536 9
940 2489 968 2546 ><
990 2477 1024 2534 12
1044 2478 1215 2547 solidorum.

111 2569 176 2627 ride
206 2568 324 2626 titulum
343 2565 412 2626 XVI
431 2567 486 2644 133.
506 2575 534 2623 et
554 2564 582 2633 Ι,
603 2566 628 2625 1.
648 2565 667 2623 2
687 2567 761 2625 Idd.
801 2567 842 2624 lle
861 2568 935 2633 iure,
954 2567 1031 2642 quod
1052 2567 1125 2625 aliae
1146 2571 1213 2629 Ger-

110 2677 267 2717 manorum
297 2658 372 2734 leges
401 2656 437 2712 de
466 2675 536 2733 pace
565 2657 597 2713 13
627 2656 753 2714 exercitu
773 2657 914 2714 servanda
934 2659 1053 2721 habent,
1071 2657 1138 2717 ride
1157 2661 1214 2738 leg.

111 2747 172 2805 sat.
205 2739 254 2811 63.
283 2747 310 2812 I,
339 2747 395 2822 133.
426 2739 1020 2823 833.1’,1,133.11333.27,133.1131.
1049 2745 1092 2812 ΙΙ,
1113 2746 1141 2807 4.
1162 2749 1176 2825 §
1199 2751 1212 2806 l

109 2845 139 2893 et
166 2835 267 2892 VVilda
294 2856 324 2913 p.
354 2833 422 2893 238.
471 2833 506 2891 13
534 2834 646 2910 legibus
666 2833 872 2892 recentioribus
892 2834 1000 2891 Frisiae
1019 2835 1167 2894 orientalis
1187 2849 1215 2899 et

110 2925 235 2990 mediae,
263 2943 370 2983 nomen
399 2925 578 2996 hiri-fretho
609 2923 655 2980 331
686 2924 837 2998 her-ferd.
856 2942 915 2980 333
935 2923 1044 2980 indicat
1063 2917 1161 3001 paoem
1182 2928 1214 2985 in

109 3016 249 3079 exercitu,
277 3015 326 3072 sed
353 3033 454 3095 pacem
484 3013 596 3090 populi,
625 3013 688 3071 ride
718 3012 807 3071 Vries.
839 3013 908 3073 Wb.
940 3033 973 3092 p.
993 3013 1060 3073 816.
1102 3013 1214 3074 Titulus

109 3103 196 3164 XVII
225 3103 296 3180 legis
325 3103 398 3160 Fris.
428 3103 541 3160 nullam
568 3102 637 3159 facit
653 3095 831 3160 'mentionem
851 3103 941 3180 pacis,
959 3121 1047 3179 quam
1067 3105 1215 3164 habebant

108 3193 242 3250 homines
270 3193 303 3250 in
331 3191 445 3250 iudiciis
464 3192 508 3250 rel
527 3190 651 3266 placitis,
669 3193 874 3268 thirty-suello
893 3193 938 3250 vel
958 3193 1215 3268 (1133333313ᾶί3-

109 3293 155 3340 tae
185 3285 218 3340 13
248 3284 312 3340 1333
342 3281 448 3340 Frisico
477 3282 646 3346 recentiore,
675 3281 739 3338 ride
761 3280 853 3338 Fries.
873 3281 941 3338 Wb.
961 3301 991 3356 p.
1015 3281 1118 3338 1074..
1140 3281 1213 3344 Fam

109 3372 140 3428 iu
150 3371 244 3428 Frisia
264 3371 450 3429 vetustissima
470 3389 529 3428 nou
549 3370 683 3434 defuisse,
702 3371 887 3446 perspicuum
907 3377 959 3433 est,
978 3369 1107 3426 conferas
1127 3371 1170 3429 tit.
1189 3373 1215 3430 I.

109 3479 135 3519 c.
157 3461 170 3517 l
193 3460 355 3518 Additionis
373 3460 429 3536 133.
449 3459 524 3518 Fris.
545 3459 581 3515 de
600 3477 668 3534 pace
688 3457 814 3534 33331311,
831 3477 924 3532 quem
960 3459 1047 3514 habet
1067 3460 1215 3530 faidosus

108 3550 153 3606 cd
176 3541 331 3624 placitum
359 3550 466 3613 333313,
485 3551 532 3606 331
549 3549 587 3604 de
609 3549 729 3622 placito
763 3547 924 3612 redeundo,
954 3555 983 3603 et
1002 3547 1066 3604 ride
1085 3548 1142 3626 133.
1155 3551 1216 3613 Sal.

108 3637 190 3703 XIV,
209 3637 228 3694 4
248 3639 306 3714 (ed.
324 3625 448 3714 Merkel)
469 3645 496 3694 et
515 3635 615 3695 Wilda
634 3655 665 3713 p.
687 3633 756 3699 233,
767 3634 833 3694 239.
949 3661 952 3668 ·

150 3728 183 3766 ¹⁹
226 3727 269 3783 Ire
280 3727 473 3791 martenesie,
494 3725 569 3783 conf.
591 3725 647 3801 leg.
669 3723 731 3781 Bai.
753 3723 796 3790 ΙΙ,
819 3723 878 3780 133Ι
892 3726 921 3779 si
941 3726 1009 3799 quis
1028 3727 1118 3799 infra
1142 3749 1213 3785 eur.

109 3829 169 3876 tem
198 3817 287 3874 313313
316 3817 439 3891 311333·ιί
467 3816 673 3878 3331313333,
693 3815 766 3890 quin
786 3813 874 3869 313333
893 3812 1000 3870 domus
1011 3814 1139 3888 publice
1160 3825 1212 3880 eet.

109 3911 187 3967 irim
216 3905 417 3982 niungeldum
447 3912 614 3978 ccrnporeet.
644 3910 671 3958 et
701 3902 756 3978 133.
784 3901 882 3960 Alam.
911 3898 960 3958 31.
1009 3897 1082 3959 Vide
1111 3902 1210 3962 Wilda

107 4019 137 4076 p.
151 3995 342 4140 ³2‘'sollertum
361 4080 434 4138 milri
454 4088 507 4145 est,
526 4077 628 4138 ducem
648 4078 752 4136 hocin
773 4077 856 4134 titulo
873 4077 1025 4134 laudatum
1045 4097 1104 4134 333
1123 4079 1210 4137 luisse

106 4173 271 4251 principem
301 4171 347 4228 rel
375 4187 473 4252 333333
504 4168 679 4232 1313133333,
708 4165 759 4243 qui
791 4174 938 4244 regnasset
955 4167 986 4222 in
1010 4163 1211 4254 Frisialreguo

105 4249 288 4343 Francorum
309 4259 441 4316 neudum
461 4257 597 4315 subiecta.
638 4254 744 4333 Regem
765 4255 884 4340 capituli
905 4255 923 4314 3
944 4253 1021 4311 tituli
1040 4253 1125 4315 XVII
1145 4259 1212 4320 nul-

103 4354 170 4411 lum
198 4369 259 4408 esse
292 4348 348 4406 uisi
378 4366 476 4424 333333
504 4347 684 4406 Francorum
706 4354 797 4428 puto.
827 4345 928 4424 ducem
958 4345 1221 4430 333313131313333.
