3158 5464
339 541 379 601 74
651 539 679 601 Τ
702 557 715 604 1
736 557 767 602 r.
788 538 911 603 XXII.
954 543 967 623 §
989 542 1127 624 23-27.

330 756 364 812 p.
396 733 464 797 993,
495 741 524 789 et
552 734 627 790 conf.
658 732 679 791 l.
710 733 769 792 Sal.
800 731 896 798 XVII,
923 733 940 789 5
970 733 1016 790 ed.
1037 732 1164 810 Merkel:
1185 735 1213 788 ai
1233 735 1319 789 intra
1340 742 1440 790 costae

335 824 444 880 aalma
472 823 650 888 intraverit,
682 830 710 878 ct
729 841 821 897 usqae
840 821 885 878 ad
903 823 1044 880 intracia
1056 824 1268 897 perveniam„
1288 822 1377 879 solid.
1398 821 1439 880 30

334 912 495 986 culpabilia
514 910 682 974 iudicetur,
698 920 725 968 et
745 912 768 968 1.
788 911 854 987 Rip.
873 909 924 969 IV.

376 995 407 1032 ⁷⁸
451 997 498 1074 [ln
518 997 702 1075 corrigendis
726 999 897 1056 Ricbtbofon
926 998 1049 1064 addidit,
1067 999 1129 1054 loco
1152 997 1186 1054 12
1204 997 1362 1055 solidorum
1379 997 1439 1055 »2

327 1087 453 1147 solidis*
473 1105 539 1143 oum
558 1088 683 1145 editione
701 1087 773 1165 legis
793 1087 906 1144 llerold.
926 1089 958 1144 ia
980 1088 1023 1146 tit.
1041 1087 1121 1144 XXII
1140 1106 1199 1145 esse
1218 1087 1397 1166 legendum]

378 1178 410 1212 '⁹
452 1175 488 1232 ln
517 1177 650 1252 capitulis
679 1175 794 1234 24-26
824 1177 947 1234 mulctae
977 1177 1089 1233 brachii
1116 1177 1201 1234 fracti
1219 1177 1261 1234 ita
1279 1187 1348 1234 sunt
1367 1196 1439 1235 oon-

336 1267 469 1324 stitutac=
499 1271 528 1324 si
557 1269 645 1342 infra
673 1269 809 1323 cubitum
838 1285 932 1322 cracem
953 1269 1062 1322 ossium
1082 1269 1270 1340 confractam
1280 1269 1397 1339 scierit,
1420 1265 1439 1323 6

337 1357 437 1420 solid„
466 1359 494 1414 ei
520 1363 685 1430 atraque..
702 1352 736 1411 12
756 1355 856 1417 solid..
875 1357 902 1411 si
921 1356 1080 1412 brachium
1098 1373 1194 1428 sccpra
1213 1357 1382 1415 cubitum..
1402 1354 1439 1412 12

337 1447 426 1504 solid.
454 1453 662 1519 componatur,
688 1453 715 1500 et
734 1443 766 1501 in
786 1443 914 1520 capitulo
932 1441 971 1501 84
990 1443 1122 1499 additur:
1142 1446 1170 1498 sc'
1190 1445 1258 1518 quis
1277 1446 1439 1502 brachium

337 1537 583 1608 transpunxerit,
611 1530 628 1589 6
654 1534 763 1590 solidos
783 1541 946 1606 componat.
984 1531 1026 1588 De
1044 1533 1107 1589 iure
1127 1530 1234 1588 Frisiae
1252 1533 1439 1590 occidentalis

336 1624 368 1679 in
395 1623 548 1680 Additione
576 1621 645 1698 Sap.
678 1619 733 1684 111,
763 1620 810 1678 61.
832 1620 870 1677 62
889 1622 929 1678 ita
948 1620 1056 1678 dictum
1077 1629 1135 1678 est:
1155 1624 1184 1678 si
1204 1622 1362 1680 brachium
1381 1626 1439 1680 areb

336 1714 434 1770 cubito
464 1714 713 1786 transpunxerit,
743 1719 790 1768 ter
820 1709 837 1767 3
867 1711 947 1768 solid
960 1750 1024 1775 ...,
1052 1730 1148 1785 semro
1178 1713 1312 1768 cubitum
1340 1721 1388 1770 ter
1419 1711 1438 1768 6

334 1803 424 1862 solid.
455 1810 617 1876 componat.
667 1800 707 1856 lle
738 1801 856 1858 brechio
885 1800 992 1858 »iuxta
1021 1800 1169 1877 scapulam
1196 1802 1338 1857 abscisso”
1370 1801 1437 1858 uide

333 1891 355 1948 l.
377 1890 449 1950 Fris.
469 1890 561 1954 XXII,
580 1889 630 1954 77,
647 1898 674 1945 et
695 1910 712 1944 u
723 1889 747 1946 si
766 1908 903 1947 mancum
922 1889 1109 1966 pependerit''
1131 1888 1193 1947 vide
1214 1890 1235 1947 l.
1255 1888 1327 1948 Fris.
1337 1887 1438 1954 XXII,

334 1979 383 2037 78.
424 1980 465 2038 lle
486 1980 549 2036 iure
569 1978 642 2037 Fris.
662 1988 770 2036 recent.
788 1980 865 2036 conf.
875 1979 950 2035 locos
960 1979 1057 2055 legum
1067 1977 1197 2035 laudatos
1206 1979 1238 2034 in
1250 1975 1337 2035 Frics.
1349 1978 1439 2035 wor-

334 2070 408 2127 terb.
427 2071 483 2126 sub
503 2069 617 2126 vocibus
637 2088 711 2131 erm,
728 2071 811 2132 calc,
831 2070 979 2144 ambopa,
1008 2067 1160 2131 amobetc,
1182 2071 1255 2142 pipc
1282 2067 1379 2140 tritta)
1409 2077 1438 2125 et

335 2158 437 2215 straet
455 2158 497 2233 (os
517 2156 656 2232 brachii),
675 2166 703 2213 et
722 2157 785 2213 vide
805 2156 841 2213 de
859 2158 923 2214 iure
942 2157 1065 2214 aliarum
1085 2157 1236 2235 regionmn
1252 2157 1440 2214 Germanica-

335 2266 421 2304 rums
451 2248 471 2304 1.
502 2247 592 2304 Thur.
620 2245 657 2309 V,
686 2245 720 2311 23
748 2246 769 2303 l.
795 2245 888 2303 llam.
915 2246 980 2304 LXI
1000 2255 1028 2303 et
1047 2245 1067 2303 l.
1089 2247 1151 2303 Rei.
1172 2244 1229 2310 ΙΙΙ,
1248 2245 1300 2321 2§
1323 2244 1367 2304 15.
1391 2245 1439 2302 16.

378 2336 408 2371 ⁸⁰
452 2335 617 2412 Capitulum
647 2334 684 2391 27
715 2335 800 2399 dicit,
831 2336 968 2392 mulctam
1000 2354 1103 2392 manus
1132 2336 1272 2393 abscissae
1303 2334 1339 2392 55
1369 2335 1439 2390 soli-

335 2425 438 2483 dorum
467 2445 543 2488 esse3
572 2443 660 2499 quam
681 2444 836 2490 summam,
855 2426 885 2481 in
906 2424 1031 2500 capitulo
1052 2423 1088 2480 62
1108 2425 1173 2500 pedi
1194 2424 1316 2482 abscisse
1334 2424 1439 2481 eodem

336 2514 420 2570 modo
449 2514 634 2588 adscriptam,
664 2513 774 2569 faciunt
806 2523 902 2589 partes
933 2532 1037 2570 manus
1065 2514 1107 2569 ita
1137 2515 1314 2570 aestimatam
1340 2513 1440 2587 pollex

337 2602 392 2680 13}
421 2602 526 2668 solid,
556 2602 661 2680 digitus
689 2602 776 2658 iudex
806 2601 822 2658 7
853 2603 947 2667 solid„
974 2602 1086 2660 medius
1126 2601 1163 2680 6}
1200 2602 1304 2666 solid,
1339 2621 1440 2658 annu-

333 2691 403 2749 laris
433 2691 452 2748 8
482 2691 577 2756 solid,
608 2691 746 2748 minimus
776 2689 794 2748 6
822 2691 917 2756 solid,
946 2692 1044 2768 palma
1068 2690 1189 2752 lsolid.
1227 2691 1262 2749 ln
1281 2691 1439 2748 Additione

335 2781 403 2857 Sep.
435 2781 477 2844 ΙΙ,
506 2781 581 2838 2-5
610 2781 740 2857 quinque
768 2781 850 2857 digiti
880 2780 970 2839 1545
1000 2781 1106 2840 solidos
1129 2781 1271 2838 aestimati
1289 2789 1358 2837 sunt
1375 2782 1438 2839 ita:

333 2871 430 2948 pollex
457 2869 515 2946 22}
542 2870 643 2934 solid,
673 2870 779 2945 digitus
809 2871 897 2926 index
928 2869 945 2926 6
975 2869 1079 2935 solid,
1111 2870 1223 2927 medius
1253 2868 1310 2948 43,
1339 2888 1438 2926 annu·

333 2961 404 3016 laris
434 2957 452 3014 7
482 2959 564 3016 solid.
595 2962 746 3032 (numerus
777 2958 833 3017 Vll
862 2960 939 3015 enim
970 2959 1138 3016 scribendus
1165 2968 1207 3015 est
1234 2958 1297 3016 loce
1318 2959 1437 3015 numeri

335 3046 404 3113 XII,
424 3049 454 3103 in
474 3047 543 3104 edit.
563 3046 735 3103 Heroldiana
756 3046 829 3122 typis
847 3047 1003 3124 impressi),
1021 3047 1160 3104 minimus
1179 3047 1198 3104 5
1218 3046 1301 3105 solid.
1340 3047 1439 3104 Dictas

334 3145 431 3193 autem
460 3136 590 3212 quinque
619 3135 773 3210 digitorum
810 3135 951 3200 mulctas,
980 3156 1043 3194 eam
1073 3137 1187 3214 palmae
1215 3135 1439 3194 adnumeranda

334 3244 409 3301 quae
440 3232 481 3281 est
511 3222 530 3280 l
557 3223 725 3288 solidorum,
754 3232 781 3280 et
801 3223 910 3281 latios
929 3225 1046 3288 solidos,
1065 3225 1116 3300 qui
1137 3245 1171 3282 ex
1191 3225 1345 3282 additione
1365 3227 1437 3303 Sap.

333 3315 375 3379 ΙΙ,
404 3312 422 3370 6
452 3322 520 3370 sunt
539 3313 667 3370 solvendi
689 3313 740 3369 »si
760 3332 864 3370 manus
883 3314 1006 3371 abscissa
1026 3323 1133 3371 terram
1153 3314 1258 3370 cadens
1279 3316 1439 3391 tetigerit',

331 3403 515 3480 pervenimus
545 3403 580 3458 ad
611 3422 755 3460 summam
777 3402 814 3460 53
833 3402 1003 3468 solidorum,
1022 3423 1097 3479 quae
1117 3423 1177 3459 uno
1196 3412 1310 3460 tantum
1332 3405 1438 3463 triente

331 3491 417 3548 solidi
444 3491 543 3547 differt
573 3511 591 3548 a
621 3493 712 3567 pretio
734 3512 836 3549 manus
856 3493 1005 3558 abscissae,
1024 3493 1055 3548 in
1076 3492 1229 3549 additione
1249 3493 1318 3571 Sap.
1337 3493 1395 3560 ΙΙΙ,
1422 3495 1434 3551 l

331 3581 364 3637 in
394 3578 451 3656 53}
481 3579 584 3636 solidos
618 3581 787 3643 constituto;
817 3600 911 3656 neque
938 3581 1092 3646 dubitem,
1120 3581 1195 3657 quin
1225 3581 1282 3660 531τ
1312 3583 1349 3640 sit
1388 3603 1437 3641 se-

331 3689 382 3727 rus
412 3677 439 3726 et
469 3677 561 3725 rectus
591 3687 741 3733 numerus,
771 3670 842 3744 quia
870 3670 947 3727 idem
978 3670 1170 3748 weregeldum
1200 3672 1327 3728 hominis
1347 3672 1436 3730 liberi

332 3759 485 3834 antiquum
516 3767 643 3834 tempore
675 3758 837 3816 Additionis
867 3760 935 3836 Sep.
967 3761 999 3817 in
1031 3760 1125 3818 Frisia
1154 3760 1333 3837 triplicatum
1361 3773 1437 3828 erat,

331 3858 417 3924 atque
447 3866 482 3904 ex
511 3847 573 3924 lege
602 3847 678 3906 Fris.
706 3847 800 3914 XXII,
831 3847 867 3905 77
898 3847 1078 3906 »brachium
1106 3849 1186 3906 iuxta
1213 3850 1362 3926 scapulam
1381 3853 1436 3909 ab·

330 3939 469 3996 scissum”
502 3934 559 4014 53}
588 3937 687 3993 solidis
716 3937 911 3995 mulctaretur.
958 3937 995 3995 ln
1019 3939 1082 3995 iure
1101 3937 1175 3998 Fris.
1194 3939 1351 3996 recentiore
1370 3959 1436 3997 ma-

330 4047 386 4085 nus
405 4026 529 4086 abscissa
549 4025 707 4101 weregeldo
727 4026 847 4083 dimidio
876 4027 1046 4092 mulctatur,
1073 4028 1148 4084 conf.
1176 4026 1266 4085 Fries.
1299 4027 1437 4105 Rechtsq.

330 4137 360 4193 p.
384 4115 449 4180 120,
467 4114 515 4174 21.
534 4113 601 4180 537,
620 4114 668 4172 33.
699 4113 765 4180 136,
784 4115 812 4174 4.
847 4116 910 4182 177,
928 4116 975 4175 23.
996 4114 1064 4180 220,
1085 4115 1130 4174 15.
1160 4115 1228 4180 331,
1247 4114 1285 4174 26
1305 4127 1333 4174 et
1356 4119 1435 4176 locos

329 4205 427 4281 legum
446 4201 544 4263 citatas
563 4203 595 4261 in
615 4203 703 4264 rues.
723 4204 792 4262 Wb.
814 4206 868 4286 sub
900 4207 1032 4264 vocibus:
1052 4205 1143 4270 band,
1162 4207 1322 4272 bondbled,
1338 4209 1435 4265 bond-

329 4294 428 4358 brcde,
448 4294 629 4360 boadwirst,
647 4295 756 4370 finper
783 4302 811 4350 et
838 4295 945 4352 tbrcma
954 4314 968 4361 ,·
986 4294 1064 4353 idem
1084 4312 1187 4352 manus
1206 4295 1347 4352 abscissae
1365 4316 1434 4374 pre-

326 4382 402 4449 tium
433 4391 569 4439 statutum
600 4394 641 4440 est
669 4383 699 4439 in
719 4385 781 4460 lege
802 4384 862 4441 Sal.
883 4383 977 4442 XXIX
995 4384 1043 4444 ed.
1063 4383 1193 4450 Merke13
1213 4384 1244 4442 ia
1263 4385 1284 4442 1.
1305 4384 1370 4461 Rip.
1392 4383 1430 4450 V,
