<?xml version="1.0" encoding="UTF-8"?>
<!DOCTYPE html PUBLIC "-//W3C//DTD XHTML 1.0 Transitional//EN"
    "http://www.w3.org/TR/xhtml1/DTD/xhtml1-transitional.dtd">
<html xmlns="http://www.w3.org/1999/xhtml" xml:lang="en" lang="en">
 <head>
  <title>
</title>
<meta http-equiv="Content-Type" content="text/html;charset=utf-8" />
  <meta name='ocr-system' content='tesseract 3.04.00' />
  <meta name='ocr-capabilities' content='ocr_page ocr_carea ocr_par ocr_line ocrx_word'/>
</head>
<body>
  <div class='ocr_page' id='page_1' title='image "./delexfrisionumu00saxmgoog_0036.png"; bbox 0 0 3144 5460; ppageno 0'>
   <div class='ocr_carea' id='block_1_1' title="bbox 366 565 1099 616">
    <p class='ocr_par' dir='ltr' id='par_1_1' title="bbox 366 565 1099 616">
     <span class='ocr_line' id='line_1_1' title="bbox 366 565 1099 616; baseline -0.007 0"><span class='ocrx_word' id='word_1_1' title='bbox 366 566 481 616; x_wconf 75' lang='lat' dir='ltr'>XXVIH</span> <span class='ocrx_word' id='word_1_2' title='bbox 805 565 875 614; x_wconf 75' lang='lat' dir='ltr'><strong>Lux</strong></span> <span class='ocrx_word' id='word_1_3' title='bbox 896 565 1099 614; x_wconf 69' lang='lat' dir='ltr'><strong>statutorum.</strong></span> 
     </span>
    </p>
   </div>
   <div class='ocr_carea' id='block_1_2' title="bbox 369 765 1561 3709">
    <p class='ocr_par' dir='ltr' id='par_1_2' title="bbox 369 765 1561 3603">
     <span class='ocr_line' id='line_1_2' title="bbox 369 765 1477 857; baseline -0.006 -18"><span class='ocrx_word' id='word_1_4' title='bbox 369 771 452 839; x_wconf 84' lang='lat' dir='ltr'><strong>Fris.</strong></span> <span class='ocrx_word' id='word_1_5' title='bbox 477 793 508 857; x_wconf 88' lang='lat' dir='ltr'><strong>p.</strong></span> <span class='ocrx_word' id='word_1_6' title='bbox 531 767 679 848; x_wconf 86' lang='lat' dir='ltr'><strong>XXIV,</strong></span> <span class='ocrx_word' id='word_1_7' title='bbox 704 768 816 836; x_wconf 89' lang='lat' dir='ltr'><strong>Wilda</strong></span> <span class='ocrx_word' id='word_1_8' title='bbox 839 765 1021 836; x_wconf 86' lang='lat' dir='ltr'><strong>Strafrecht</strong></span> <span class='ocrx_word' id='word_1_9' title='bbox 1045 791 1076 856; x_wconf 87' lang='lat' dir='ltr'><strong>p.</strong></span> <span class='ocrx_word' id='word_1_10' title='bbox 1104 770 1179 848; x_wconf 79' lang='lat'><strong>102,</strong></span> <span class='ocrx_word' id='word_1_11' title='bbox 1202 767 1362 857; x_wconf 79' lang='lat' dir='ltr'><strong>Rettberg</strong></span> <span class='ocrx_word' id='word_1_12' title='bbox 1386 767 1477 832; x_wconf 90' lang='lat' dir='ltr'><strong>Kir-</strong></span> 
     </span>
     <span class='ocr_line' id='line_1_3' title="bbox 369 871 1475 964; baseline -0.005 -20"><span class='ocrx_word' id='word_1_13' title='bbox 369 875 635 964; x_wconf 85' lang='lat' dir='ltr'><strong>chengeschichte</strong></span> <span class='ocrx_word' id='word_1_14' title='bbox 659 874 916 953; x_wconf 89' lang='lat' dir='ltr'><strong>Deotschlands,</strong></span> <span class='ocrx_word' id='word_1_15' title='bbox 941 871 1120 963; x_wconf 81' lang='lat' dir='ltr'><strong>Gottingae</strong></span> <span class='ocrx_word' id='word_1_16' title='bbox 1147 873 1318 940; x_wconf 71' lang='grc'><strong>184811.</strong></span> <span class='ocrx_word' id='word_1_17' title='bbox 1342 898 1375 961; x_wconf 90' lang='lat' dir='ltr'><strong>p.</strong></span> <span class='ocrx_word' id='word_1_18' title='bbox 1398 873 1475 940; x_wconf 81' lang='lat'><strong>540</strong></span> 
     </span>
     <span class='ocr_line' id='line_1_4' title="bbox 370 979 1477 1069; baseline -0.004 -21"><span class='ocrx_word' id='word_1_19' title='bbox 370 993 402 1048; x_wconf 91' lang='lat' dir='ltr'><strong>et</strong></span> <span class='ocrx_word' id='word_1_20' title='bbox 438 981 547 1048; x_wconf 81' lang='lat' dir='ltr'><strong>Waitz</strong></span> <span class='ocrx_word' id='word_1_21' title='bbox 583 979 750 1048; x_wconf 88' lang='lat' dir='ltr'><strong>Deutsche</strong></span> <span class='ocrx_word' id='word_1_22' title='bbox 785 979 1187 1069; x_wconf 81' lang='lat' dir='ltr'><strong>Verfassungsgeschichte</strong></span> <span class='ocrx_word' id='word_1_23' title='bbox 1214 979 1283 1058; x_wconf 96' lang='lat' dir='ltr'><strong>III,</strong></span> <span class='ocrx_word' id='word_1_24' title='bbox 1331 1002 1363 1067; x_wconf 91' lang='lat' dir='ltr'><strong>p.</strong></span> <span class='ocrx_word' id='word_1_25' title='bbox 1390 981 1477 1044; x_wconf 82' lang='grc'><strong>147.</strong></span> 
     </span>
     <span class='ocr_line' id='line_1_5' title="bbox 369 1085 1475 1174; baseline -0.003 -21"><span class='ocrx_word' id='word_1_26' title='bbox 369 1087 464 1154; x_wconf 91' lang='lat' dir='ltr'><strong>Hanc</strong></span> <span class='ocrx_word' id='word_1_27' title='bbox 499 1085 540 1152; x_wconf 95' lang='lat' dir='ltr'><strong>ob</strong></span> <span class='ocrx_word' id='word_1_28' title='bbox 574 1109 703 1152; x_wconf 70' lang='lat' dir='ltr'><strong>caumm</strong></span> <span class='ocrx_word' id='word_1_29' title='bbox 739 1109 803 1152; x_wconf 91' lang='lat' dir='ltr'><strong>uon</strong></span> <span class='ocrx_word' id='word_1_30' title='bbox 838 1109 968 1174; x_wconf 90' lang='lat' dir='ltr'><strong>possum</strong></span> <span class='ocrx_word' id='word_1_31' title='bbox 1004 1087 1084 1172; x_wconf 91' lang='lat' dir='ltr'><strong>quin</strong></span> <span class='ocrx_word' id='word_1_32' title='bbox 1110 1085 1189 1174; x_wconf 81' lang='lat' dir='ltr'><strong>legis</strong></span> <span class='ocrx_word' id='word_1_33' title='bbox 1213 1086 1305 1151; x_wconf 90' lang='lat' dir='ltr'><strong>nobis</strong></span> <span class='ocrx_word' id='word_1_34' title='bbox 1328 1085 1475 1152; x_wconf 79' lang='lat' dir='ltr'><strong>traditae</strong></span> 
     </span>
     <span class='ocr_line' id='line_1_6' title="bbox 370 1192 1476 1280; baseline -0.003 -21"><span class='ocrx_word' id='word_1_35' title='bbox 370 1193 610 1279; x_wconf 82' lang='lat' dir='ltr'><strong>conceptionem</strong></span> <span class='ocrx_word' id='word_1_36' title='bbox 641 1192 674 1258; x_wconf 91' lang='lat' dir='ltr'><strong>in</strong></span> <span class='ocrx_word' id='word_1_37' title='bbox 706 1204 832 1280; x_wconf 87' lang='lat' dir='ltr'><strong>tempus</strong></span> <span class='ocrx_word' id='word_1_38' title='bbox 864 1203 936 1280; x_wconf 91' lang='lat' dir='ltr'><strong>post</strong></span> <span class='ocrx_word' id='word_1_39' title='bbox 959 1215 1078 1258; x_wconf 91' lang='lat' dir='ltr'><strong>annum</strong></span> <span class='ocrx_word' id='word_1_40' title='bbox 1104 1193 1170 1258; x_wconf 77' lang='lat'><strong>785</strong></span> <span class='ocrx_word' id='word_1_41' title='bbox 1195 1193 1406 1268; x_wconf 73' lang='lat' dir='ltr'><strong>constituam</strong></span> <span class='ocrx_word' id='word_1_42' title='bbox 1432 1214 1476 1256; x_wconf 90' lang='lat' dir='ltr'><strong>ac</strong></span> 
     </span>
     <span class='ocr_line' id='line_1_7' title="bbox 370 1296 1475 1388; baseline -0.004 -22"><span class='ocrx_word' id='word_1_43' title='bbox 370 1299 463 1388; x_wconf 83' lang='lat' dir='ltr'><strong>parvi</strong></span> <span class='ocrx_word' id='word_1_44' title='bbox 498 1299 661 1364; x_wconf 81' lang='lat' dir='ltr'><strong>aestimem</strong></span> <span class='ocrx_word' id='word_1_45' title='bbox 697 1320 780 1386; x_wconf 90' lang='lat' dir='ltr'><strong>quae</strong></span> <span class='ocrx_word' id='word_1_46' title='bbox 816 1299 888 1385; x_wconf 85' lang='lat' dir='ltr'><strong>quie</strong></span> <span class='ocrx_word' id='word_1_47' title='bbox 924 1297 1170 1376; x_wconf 78' lang='lat' dir='ltr'><strong>contradixerit,</strong></span> <span class='ocrx_word' id='word_1_48' title='bbox 1201 1298 1324 1364; x_wconf 89' lang='lat' dir='ltr'><strong>ratione</strong></span> <span class='ocrx_word' id='word_1_49' title='bbox 1358 1296 1475 1362; x_wconf 83' lang='lat' dir='ltr'><strong>habita</strong></span> 
     </span>
     <span class='ocr_line' id='line_1_8' title="bbox 370 1403 1558 1493; baseline -0.004 -21"><span class='ocrx_word' id='word_1_50' title='bbox 370 1405 562 1492; x_wconf 88' lang='lat' dir='ltr'><strong>templorum</strong></span> <span class='ocrx_word' id='word_1_51' title='bbox 593 1427 793 1493; x_wconf 85' lang='lat' dir='ltr'><strong>paganorum</strong></span> <span class='ocrx_word' id='word_1_52' title='bbox 824 1406 856 1470; x_wconf 92' lang='lat' dir='ltr'><strong>in</strong></span> <span class='ocrx_word' id='word_1_53' title='bbox 879 1405 952 1492; x_wconf 82' lang='lat' dir='ltr'><strong>lege</strong></span> <span class='ocrx_word' id='word_1_54' title='bbox 975 1413 1304 1470; x_wconf 89' lang='lat' dir='ltr'><strong>commemoratorum.</strong></span> <span class='ocrx_word' id='word_1_55' title='bbox 1351 1403 1475 1490; x_wconf 82' lang='lat' dir='ltr'>Neque</span> <span class='ocrx_word' id='word_1_56' title='bbox 1557 1413 1558 1434; x_wconf 67' lang='lat'>¹</span> 
     </span>
     <span class='ocr_line' id='line_1_9' title="bbox 369 1507 1475 1596; baseline -0.001 -20"><span class='ocrx_word' id='word_1_57' title='bbox 369 1521 476 1576; x_wconf 87' lang='lat' dir='ltr'><strong>tamen</strong></span> <span class='ocrx_word' id='word_1_58' title='bbox 508 1510 621 1590; x_wconf 85' lang='lat' dir='ltr'><strong>liceat,</strong></span> <span class='ocrx_word' id='word_1_59' title='bbox 652 1510 753 1596; x_wconf 83' lang='lat' dir='ltr'><strong>legem</strong></span> <span class='ocrx_word' id='word_1_60' title='bbox 786 1509 950 1596; x_wconf 82' lang='lat' dir='ltr'><strong>assignare</strong></span> <span class='ocrx_word' id='word_1_61' title='bbox 981 1511 1116 1595; x_wconf 80' lang='lat' dir='ltr'><strong>tempori</strong></span> <span class='ocrx_word' id='word_1_62' title='bbox 1143 1520 1374 1596; x_wconf 87' lang='lat' dir='ltr'><strong>postmortem</strong></span> <span class='ocrx_word' id='word_1_63' title='bbox 1397 1507 1475 1575; x_wconf 87' lang='lat' dir='ltr'><strong>Ka·</strong></span> 
     </span>
     <span class='ocr_line' id='line_1_10' title="bbox 370 1608 1475 1703; baseline -0.003 -21"><span class='ocrx_word' id='word_1_64' title='bbox 370 1615 432 1682; x_wconf 89' lang='lat' dir='ltr'><strong>ruli</strong></span> <span class='ocrx_word' id='word_1_65' title='bbox 467 1613 592 1702; x_wconf 84' lang='lat' dir='ltr'><strong>Magni.</strong></span> <span class='ocrx_word' id='word_1_66' title='bbox 639 1608 778 1680; x_wconf 82' lang='lat' dir='ltr'><strong>Tuccam</strong></span> <span class='ocrx_word' id='word_1_67' title='bbox 815 1613 855 1680; x_wconf 89' lang='lat' dir='ltr'><strong>de</strong></span> <span class='ocrx_word' id='word_1_68' title='bbox 889 1615 945 1694; x_wconf 91' lang='lat' dir='ltr'><strong>iis,</strong></span> <span class='ocrx_word' id='word_1_69' title='bbox 979 1616 1037 1702; x_wconf 92' lang='lat' dir='ltr'><strong>qui</strong></span> <span class='ocrx_word' id='word_1_70' title='bbox 1071 1614 1175 1703; x_wconf 84' lang='lat' dir='ltr'><strong>legem</strong></span> <span class='ocrx_word' id='word_1_71' title='bbox 1206 1613 1390 1682; x_wconf 77' lang='lat' dir='ltr'><strong>Frisiorum</strong></span> <span class='ocrx_word' id='word_1_72' title='bbox 1415 1615 1475 1680; x_wconf 86' lang='lat' dir='ltr'><strong>vel</strong></span> 
     </span>
     <span class='ocr_line' id='line_1_11' title="bbox 370 1719 1559 1816; baseline -0.002 -28"><span class='ocrx_word' id='word_1_73' title='bbox 370 1719 549 1788; x_wconf 73' lang='lat' dir='ltr'><strong>additiones</strong></span> <span class='ocrx_word' id='word_1_74' title='bbox 580 1721 649 1786; x_wconf 85' lang='lat' dir='ltr'><strong>eius</strong></span> <span class='ocrx_word' id='word_1_75' title='bbox 680 1720 807 1786; x_wconf 88' lang='lat' dir='ltr'><strong>saeculo</strong></span> <span class='ocrx_word' id='word_1_76' title='bbox 838 1719 1007 1787; x_wconf 86' lang='lat' dir='ltr'><strong>undecimo</strong></span> <span class='ocrx_word' id='word_1_77' title='bbox 1032 1731 1088 1787; x_wconf 89' lang='lat' dir='ltr'><strong>aut</strong></span> <span class='ocrx_word' id='word_1_78' title='bbox 1112 1719 1235 1787; x_wconf 89' lang='lat' dir='ltr'><strong>decimo</strong></span> <span class='ocrx_word' id='word_1_79' title='bbox 1257 1721 1353 1786; x_wconf 90' lang='lat' dir='ltr'><strong>tertio</strong></span> <span class='ocrx_word' id='word_1_80' title='bbox 1376 1721 1475 1786; x_wconf 90' lang='lat' dir='ltr'><strong>attri·</strong></span> <span class='ocrx_word' id='word_1_81' title='bbox 1558 1803 1559 1816; x_wconf 10' lang='grc' dir='ltr'>χ</span> 
     </span>
     <span class='ocr_line' id='line_1_12' title="bbox 370 1825 1559 1914; baseline -0.003 -21"><span class='ocrx_word' id='word_1_82' title='bbox 370 1826 512 1893; x_wconf 88' lang='lat' dir='ltr'><strong>buerunt</strong></span> <span class='ocrx_word' id='word_1_83' title='bbox 529 1830 580 1903; x_wconf 77' lang='lat'><strong>⁴43</strong></span> <span class='ocrx_word' id='word_1_84' title='bbox 614 1825 693 1892; x_wconf 89' lang='lat' dir='ltr'><strong>flues</strong></span> <span class='ocrx_word' id='word_1_85' title='bbox 727 1825 869 1903; x_wconf 81' lang='lat' dir='ltr'><strong>Frisiae,</strong></span> <span class='ocrx_word' id='word_1_86' title='bbox 906 1827 963 1913; x_wconf 91' lang='lat' dir='ltr'><strong>qui</strong></span> <span class='ocrx_word' id='word_1_87' title='bbox 993 1826 1025 1892; x_wconf 92' lang='lat' dir='ltr'><strong>in</strong></span> <span class='ocrx_word' id='word_1_88' title='bbox 1056 1826 1130 1914; x_wconf 82' lang='lat' dir='ltr'><strong>lege</strong></span> <span class='ocrx_word' id='word_1_89' title='bbox 1160 1835 1473 1903; x_wconf 81' lang='lat' dir='ltr'><strong>commemorantur,</strong></span> <span class='ocrx_word' id='word_1_90' title='bbox 1558 1843 1559 1882; x_wconf 69' lang='lat'>1</span> 
     </span>
     <span class='ocr_line' id='line_1_13' title="bbox 371 1931 1474 2021; baseline -0.002 -21"><span class='ocrx_word' id='word_1_91' title='bbox 371 1943 518 2000; x_wconf 89' lang='lat' dir='ltr'><strong>monetae</strong></span> <span class='ocrx_word' id='word_1_92' title='bbox 549 1931 667 2019; x_wconf 90' lang='lat' dir='ltr'><strong>quibus</strong></span> <span class='ocrx_word' id='word_1_93' title='bbox 699 1933 752 1998; x_wconf 84' lang='lat' dir='ltr'><strong>lex</strong></span> <span class='ocrx_word' id='word_1_94' title='bbox 783 1934 905 2012; x_wconf 89' lang='lat' dir='ltr'><strong>utitur,</strong></span> <span class='ocrx_word' id='word_1_95' title='bbox 936 1955 974 1998; x_wconf 89' lang='lat' dir='ltr'><strong>ac</strong></span> <span class='ocrx_word' id='word_1_96' title='bbox 1009 1931 1186 2020; x_wconf 81' lang='lat' dir='ltr'><strong>permultae</strong></span> <span class='ocrx_word' id='word_1_97' title='bbox 1222 1933 1353 2021; x_wconf 84' lang='lat' dir='ltr'><strong>regulae</strong></span> <span class='ocrx_word' id='word_1_98' title='bbox 1387 1932 1474 1998; x_wconf 87' lang='lat' dir='ltr'><strong>iuris</strong></span> 
     </span>
     <span class='ocr_line' id='line_1_14' title="bbox 371 2037 1473 2126; baseline -0.001 -22"><span class='ocrx_word' id='word_1_99' title='bbox 371 2061 455 2126; x_wconf 89' lang='lat' dir='ltr'><strong>quae</strong></span> <span class='ocrx_word' id='word_1_100' title='bbox 489 2039 523 2106; x_wconf 91' lang='lat' dir='ltr'><strong>in</strong></span> <span class='ocrx_word' id='word_1_101' title='bbox 556 2037 667 2104; x_wconf 86' lang='lat' dir='ltr'><strong>eudem</strong></span> <span class='ocrx_word' id='word_1_102' title='bbox 698 2037 916 2123; x_wconf 87' lang='lat' dir='ltr'><strong>explicantur,</strong></span> <span class='ocrx_word' id='word_1_103' title='bbox 947 2037 1083 2104; x_wconf 76' lang='lat' dir='ltr'><strong>Frisium</strong></span> <span class='ocrx_word' id='word_1_104' title='bbox 1115 2039 1319 2104; x_wconf 84' lang='lat' dir='ltr'><strong>saeculorum</strong></span> <span class='ocrx_word' id='word_1_105' title='bbox 1340 2037 1473 2104; x_wconf 88' lang='lat' dir='ltr'><strong>illorum</strong></span> 
     </span>
     <span class='ocr_line' id='line_1_15' title="bbox 371 2141 1473 2230; baseline -0.001 -20"><span class='ocrx_word' id='word_1_106' title='bbox 371 2142 584 2230; x_wconf 75' lang='lat' dir='ltr'><strong>perscrutanti</strong></span> <span class='ocrx_word' id='word_1_107' title='bbox 616 2161 780 2227; x_wconf 88' lang='lat' dir='ltr'><strong>nunquam</strong></span> <span class='ocrx_word' id='word_1_108' title='bbox 804 2141 947 2229; x_wconf 86' lang='lat' dir='ltr'><strong>profecto</strong></span> <span class='ocrx_word' id='word_1_109' title='bbox 971 2155 1154 2209; x_wconf 89' lang='lat' dir='ltr'><strong>occurrunt.</strong></span> <span class='ocrx_word' id='word_1_110' title='bbox 1209 2142 1386 2230; x_wconf 87' lang='lat' dir='ltr'><strong>Reputauti</strong></span> <span class='ocrx_word' id='word_1_111' title='bbox 1410 2165 1473 2209; x_wconf 89' lang='lat' dir='ltr'><strong>au·</strong></span> 
     </span>
     <span class='ocr_line' id='line_1_16' title="bbox 371 2245 1474 2334; baseline -0.005 -17"><span class='ocrx_word' id='word_1_112' title='bbox 371 2259 452 2326; x_wconf 88' lang='lat' dir='ltr'><strong>tem,</strong></span> <span class='ocrx_word' id='word_1_113' title='bbox 483 2270 524 2313; x_wconf 92' lang='lat' dir='ltr'><strong>an</strong></span> <span class='ocrx_word' id='word_1_114' title='bbox 553 2245 636 2314; x_wconf 80' lang='lat' dir='ltr'><strong>forte</strong></span> <span class='ocrx_word' id='word_1_115' title='bbox 660 2245 721 2312; x_wconf 91' lang='lat' dir='ltr'><strong>sub</strong></span> <span class='ocrx_word' id='word_1_116' title='bbox 744 2246 914 2314; x_wconf 87' lang='lat' dir='ltr'><strong>Ludovioo</strong></span> <span class='ocrx_word' id='word_1_117' title='bbox 938 2249 1129 2334; x_wconf 88' lang='lat' dir='ltr'><strong>imperatore</strong></span> <span class='ocrx_word' id='word_1_118' title='bbox 1153 2249 1206 2314; x_wconf 85' lang='lat' dir='ltr'><strong>vel</strong></span> <span class='ocrx_word' id='word_1_119' title='bbox 1229 2247 1373 2315; x_wconf 84' lang='lat' dir='ltr'><strong>eiusdem</strong></span> <span class='ocrx_word' id='word_1_120' title='bbox 1396 2269 1474 2312; x_wconf 89' lang='lat' dir='ltr'><strong>suo·</strong></span> 
     </span>
     <span class='ocr_line' id='line_1_17' title="bbox 371 2351 1474 2440; baseline -0.004 -18"><span class='ocrx_word' id='word_1_121' title='bbox 371 2353 549 2422; x_wconf 76' lang='lat' dir='ltr'><strong>censoribus</strong></span> <span class='ocrx_word' id='word_1_122' title='bbox 580 2363 688 2420; x_wconf 84' lang='lat' dir='ltr'><strong>textus</strong></span> <span class='ocrx_word' id='word_1_123' title='bbox 711 2352 792 2440; x_wconf 81' lang='lat' dir='ltr'><strong>legis</strong></span> <span class='ocrx_word' id='word_1_124' title='bbox 816 2351 1001 2420; x_wconf 81' lang='lat' dir='ltr'><strong>Frisionum</strong></span> <span class='ocrx_word' id='word_1_125' title='bbox 1024 2353 1162 2440; x_wconf 88' lang='lat' dir='ltr'><strong>scriptus</strong></span> <span class='ocrx_word' id='word_1_126' title='bbox 1186 2354 1245 2434; x_wconf 89' lang='lat' dir='ltr'><strong>sit,</strong></span> <span class='ocrx_word' id='word_1_127' title='bbox 1268 2352 1370 2418; x_wconf 85' lang='lat' dir='ltr'><strong>multa</strong></span> <span class='ocrx_word' id='word_1_128' title='bbox 1393 2363 1474 2419; x_wconf 91' lang='lat' dir='ltr'><strong>suut</strong></span> 
     </span>
     <span class='ocr_line' id='line_1_18' title="bbox 370 2457 1473 2549; baseline -0.005 -21"><span class='ocrx_word' id='word_1_129' title='bbox 370 2461 540 2528; x_wconf 90' lang='lat' dir='ltr'><strong>contraria.</strong></span> <span class='ocrx_word' id='word_1_130' title='bbox 598 2457 759 2545; x_wconf 83' lang='lat' dir='ltr'><strong>Tempore</strong></span> <span class='ocrx_word' id='word_1_131' title='bbox 793 2458 848 2524; x_wconf 88' lang='lat' dir='ltr'><strong>illo</strong></span> <span class='ocrx_word' id='word_1_132' title='bbox 883 2458 967 2525; x_wconf 87' lang='lat' dir='ltr'><strong>bella</strong></span> <span class='ocrx_word' id='word_1_133' title='bbox 1001 2459 1127 2525; x_wconf 87' lang='lat' dir='ltr'><strong>interna</strong></span> <span class='ocrx_word' id='word_1_134' title='bbox 1160 2482 1299 2549; x_wconf 80' lang='lat' dir='ltr'><strong>regnum</strong></span> <span class='ocrx_word' id='word_1_135' title='bbox 1325 2459 1473 2525; x_wconf 84' lang='lat' dir='ltr'><strong>Franco·</strong></span> 
     </span>
     <span class='ocr_line' id='line_1_19' title="bbox 372 2563 1472 2650; baseline -0.003 -19"><span class='ocrx_word' id='word_1_136' title='bbox 372 2587 444 2631; x_wconf 90' lang='lat' dir='ltr'><strong>rum</strong></span> <span class='ocrx_word' id='word_1_137' title='bbox 480 2563 706 2643; x_wconf 82' lang='lat' dir='ltr'><strong>devastarunt,</strong></span> <span class='ocrx_word' id='word_1_138' title='bbox 741 2586 848 2650; x_wconf 89' lang='lat' dir='ltr'><strong>neque</strong></span> <span class='ocrx_word' id='word_1_139' title='bbox 882 2575 961 2634; x_wconf 87' lang='lat' dir='ltr'><strong>tuuc</strong></span> <span class='ocrx_word' id='word_1_140' title='bbox 994 2587 1079 2632; x_wconf 90' lang='lat' dir='ltr'><strong>unus</strong></span> <span class='ocrx_word' id='word_1_141' title='bbox 1114 2567 1198 2636; x_wconf 88' lang='lat' dir='ltr'><strong>inter</strong></span> <span class='ocrx_word' id='word_1_142' title='bbox 1233 2587 1342 2631; x_wconf 87' lang='lat' dir='ltr'><strong>omnes</strong></span> <span class='ocrx_word' id='word_1_143' title='bbox 1369 2564 1472 2629; x_wconf 88' lang='lat' dir='ltr'><strong>libros</strong></span> 
     </span>
     <span class='ocr_line' id='line_1_20' title="bbox 371 2669 1471 2760; baseline -0.004 -22"><span class='ocrx_word' id='word_1_144' title='bbox 371 2670 471 2760; x_wconf 85' lang='lat' dir='ltr'><strong>legis,</strong></span> <span class='ocrx_word' id='word_1_145' title='bbox 502 2669 558 2755; x_wconf 91' lang='lat' dir='ltr'><strong>qui</strong></span> <span class='ocrx_word' id='word_1_146' title='bbox 589 2670 661 2734; x_wconf 87' lang='lat' dir='ltr'><strong>iura</strong></span> <span class='ocrx_word' id='word_1_147' title='bbox 692 2669 884 2756; x_wconf 89' lang='lat' dir='ltr'><strong>populorum</strong></span> <span class='ocrx_word' id='word_1_148' title='bbox 916 2692 1016 2758; x_wconf 82' lang='lat' dir='ltr'><strong>reguo</strong></span> <span class='ocrx_word' id='word_1_149' title='bbox 1042 2669 1242 2736; x_wconf 84' lang='lat' dir='ltr'><strong>Francouioo</strong></span> <span class='ocrx_word' id='word_1_150' title='bbox 1265 2671 1471 2740; x_wconf 89' lang='lat' dir='ltr'><strong>subditorum</strong></span> 
     </span>
     <span class='ocr_line' id='line_1_21' title="bbox 370 2774 1471 2862; baseline -0.004 -18"><span class='ocrx_word' id='word_1_151' title='bbox 370 2778 552 2854; x_wconf 87' lang='lat' dir='ltr'><strong>eontinent,</strong></span> <span class='ocrx_word' id='word_1_152' title='bbox 586 2774 725 2862; x_wconf 79' lang='lat' dir='ltr'><strong>scriptus</strong></span> <span class='ocrx_word' id='word_1_153' title='bbox 763 2786 812 2842; x_wconf 87' lang='lat' dir='ltr'><strong>est</strong></span> <span class='ocrx_word' id='word_1_154' title='bbox 847 2776 899 2842; x_wconf 89' lang='lat' dir='ltr'><strong>vel</strong></span> <span class='ocrx_word' id='word_1_155' title='bbox 935 2775 1130 2844; x_wconf 87' lang='lat' dir='ltr'><strong>emendatus.</strong></span> <span class='ocrx_word' id='word_1_156' title='bbox 1188 2776 1308 2846; x_wconf 87' lang='lat' dir='ltr'><strong>Littori</strong></span> <span class='ocrx_word' id='word_1_157' title='bbox 1343 2776 1471 2842; x_wconf 84' lang='lat' dir='ltr'><strong>Frisiae</strong></span> 
     </span>
     <span class='ocr_line' id='line_1_22' title="bbox 370 2881 1470 2970; baseline -0.004 -20"><span class='ocrx_word' id='word_1_158' title='bbox 370 2881 571 2950; x_wconf 87' lang='lat' dir='ltr'><strong>Nordmanni</strong></span> <span class='ocrx_word' id='word_1_159' title='bbox 605 2881 722 2945; x_wconf 90' lang='lat' dir='ltr'><strong>iterum</strong></span> <span class='ocrx_word' id='word_1_160' title='bbox 757 2882 941 2966; x_wconf 88' lang='lat' dir='ltr'><strong>iterumque</strong></span> <span class='ocrx_word' id='word_1_161' title='bbox 971 2905 1069 2948; x_wconf 85' lang='lat' dir='ltr'><strong>naves</strong></span> <span class='ocrx_word' id='word_1_162' title='bbox 1093 2883 1309 2970; x_wconf 89' lang='lat' dir='ltr'><strong>appulerunt,</strong></span> <span class='ocrx_word' id='word_1_163' title='bbox 1334 2883 1470 2966; x_wconf 90' lang='lat' dir='ltr'><strong>eiusque</strong></span> 
     </span>
     <span class='ocr_line' id='line_1_23' title="bbox 373 2984 1470 3076; baseline 0.003 -27"><span class='ocrx_word' id='word_1_164' title='bbox 373 3008 473 3074; x_wconf 84' lang='lat' dir='ltr'><strong>pagos</strong></span> <span class='ocrx_word' id='word_1_165' title='bbox 505 2984 743 3071; x_wconf 83' lang='lat' dir='ltr'><strong>spoliaverunt,</strong></span> <span class='ocrx_word' id='word_1_166' title='bbox 776 2995 808 3050; x_wconf 90' lang='lat' dir='ltr'><strong>et</strong></span> <span class='ocrx_word' id='word_1_167' title='bbox 831 2987 895 3051; x_wconf 93' lang='lat' dir='ltr'><strong>iam</strong></span> <span class='ocrx_word' id='word_1_168' title='bbox 918 2985 1108 3052; x_wconf 84' lang='lat' dir='ltr'><strong>Ludovicus</strong></span> <span class='ocrx_word' id='word_1_169' title='bbox 1132 2989 1305 3076; x_wconf 83' lang='lat' dir='ltr'><strong>imperator</strong></span> <span class='ocrx_word' id='word_1_170' title='bbox 1329 2988 1470 3052; x_wconf 89' lang='lat' dir='ltr'><strong>nonnul·</strong></span> 
     </span>
     <span class='ocr_line' id='line_1_24' title="bbox 372 3089 1469 3181; baseline 0 -21"><span class='ocrx_word' id='word_1_171' title='bbox 372 3093 420 3160; x_wconf 88' lang='lat' dir='ltr'><strong>las</strong></span> <span class='ocrx_word' id='word_1_172' title='bbox 451 3089 575 3156; x_wconf 75' lang='lat' dir='ltr'><strong>Frisios</strong></span> <span class='ocrx_word' id='word_1_173' title='bbox 599 3089 780 3176; x_wconf 85' lang='lat' dir='ltr'><strong>provincias</strong></span> <span class='ocrx_word' id='word_1_174' title='bbox 804 3094 939 3158; x_wconf 86' lang='lat' dir='ltr'><strong>maiores</strong></span> <span class='ocrx_word' id='word_1_175' title='bbox 962 3094 1161 3181; x_wconf 88' lang='lat' dir='ltr'><strong>principibus</strong></span> <span class='ocrx_word' id='word_1_176' title='bbox 1185 3093 1469 3162; x_wconf 88' lang='lat' dir='ltr'><strong>Nordmannorum</strong></span> 
     </span>
     <span class='ocr_line' id='line_1_25' title="bbox 371 3194 1469 3285; baseline 0 -21"><span class='ocrx_word' id='word_1_177' title='bbox 371 3198 405 3264; x_wconf 90' lang='lat' dir='ltr'><strong>in</strong></span> <span class='ocrx_word' id='word_1_178' title='bbox 428 3196 619 3264; x_wconf 88' lang='lat' dir='ltr'><strong>beneficium</strong></span> <span class='ocrx_word' id='word_1_179' title='bbox 643 3194 733 3261; x_wconf 88' lang='lat' dir='ltr'><strong>dedit</strong></span> <span class='ocrx_word' id='word_1_180' title='bbox 749 3200 792 3260; x_wconf 74' lang='lat'><strong>4⁵.</strong></span> <span class='ocrx_word' id='word_1_181' title='bbox 839 3194 903 3262; x_wconf 89' lang='lat' dir='ltr'><strong>Illo</strong></span> <span class='ocrx_word' id='word_1_182' title='bbox 927 3209 1070 3285; x_wconf 89' lang='lat' dir='ltr'><strong>tempore</strong></span> <span class='ocrx_word' id='word_1_183' title='bbox 1095 3201 1181 3265; x_wconf 92' lang='lat' dir='ltr'><strong>omni</strong></span> <span class='ocrx_word' id='word_1_184' title='bbox 1205 3199 1344 3278; x_wconf 83' lang='lat' dir='ltr'><strong>Frisiee,</strong></span> <span class='ocrx_word' id='word_1_185' title='bbox 1367 3198 1469 3264; x_wconf 83' lang='lat' dir='ltr'><strong>Flau-</strong></span> 
     </span>
     <span class='ocr_line' id='line_1_26' title="bbox 372 3299 1561 3394; baseline -0.002 -25"><span class='ocrx_word' id='word_1_186' title='bbox 372 3303 476 3370; x_wconf 86' lang='lat' dir='ltr'><strong>driam</strong></span> <span class='ocrx_word' id='word_1_187' title='bbox 507 3311 541 3366; x_wconf 89' lang='lat' dir='ltr'><strong>ct</strong></span> <span class='ocrx_word' id='word_1_188' title='bbox 570 3299 690 3366; x_wconf 89' lang='lat' dir='ltr'><strong>flumen</strong></span> <span class='ocrx_word' id='word_1_189' title='bbox 714 3299 878 3369; x_wconf 86' lang='lat' dir='ltr'><strong>Wisaram</strong></span> <span class='ocrx_word' id='word_1_190' title='bbox 902 3304 1088 3391; x_wconf 82' lang='lat' dir='ltr'><strong>attingenti,</strong></span> <span class='ocrx_word' id='word_1_191' title='bbox 1112 3306 1230 3376; x_wconf 89' lang='lat' dir='ltr'><strong>librum</strong></span> <span class='ocrx_word' id='word_1_192' title='bbox 1254 3306 1334 3394; x_wconf 84' lang='lat' dir='ltr'><strong>legis</strong></span> <span class='ocrx_word' id='word_1_193' title='bbox 1358 3303 1468 3376; x_wconf 89' lang='lat' dir='ltr'><strong>condi·</strong></span> <span class='ocrx_word' id='word_1_194' title='bbox 1560 3375 1561 3378; x_wconf 8' lang='grc' dir='ltr'><strong>Ἴ</strong></span> 
     </span>
     <span class='ocr_line' id='line_1_27' title="bbox 372 3407 1469 3502; baseline 0 -27"><span class='ocrx_word' id='word_1_195' title='bbox 372 3420 442 3475; x_wconf 90' lang='lat' dir='ltr'><strong>tum</strong></span> <span class='ocrx_word' id='word_1_196' title='bbox 474 3428 561 3485; x_wconf 84' lang='lat' dir='ltr'><strong>esse,</strong></span> <span class='ocrx_word' id='word_1_197' title='bbox 593 3430 658 3471; x_wconf 89' lang='lat' dir='ltr'><strong>nou</strong></span> <span class='ocrx_word' id='word_1_198' title='bbox 690 3416 739 3472; x_wconf 89' lang='lat' dir='ltr'><strong>est</strong></span> <span class='ocrx_word' id='word_1_199' title='bbox 767 3407 855 3494; x_wconf 89' lang='lat' dir='ltr'><strong>quod</strong></span> <span class='ocrx_word' id='word_1_200' title='bbox 888 3431 1052 3490; x_wconf 87' lang='lat' dir='ltr'><strong>censeam,</strong></span> <span class='ocrx_word' id='word_1_201' title='bbox 1077 3420 1110 3478; x_wconf 91' lang='lat' dir='ltr'><strong>et</strong></span> <span class='ocrx_word' id='word_1_202' title='bbox 1134 3412 1330 3502; x_wconf 82' lang='lat' dir='ltr'><strong>argumentis</strong></span> <span class='ocrx_word' id='word_1_203' title='bbox 1354 3410 1469 3497; x_wconf 87' lang='lat' dir='ltr'><strong>alege</strong></span> 
     </span>
     <span class='ocr_line' id='line_1_28' title="bbox 371 3510 1282 3603; baseline 0.001 -22"><span class='ocrx_word' id='word_1_204' title='bbox 371 3523 483 3582; x_wconf 85' lang='lat' dir='ltr'><strong>nostra</strong></span> <span class='ocrx_word' id='word_1_205' title='bbox 504 3510 688 3576; x_wconf 84' lang='lat' dir='ltr'><strong>Frisionum</strong></span> <span class='ocrx_word' id='word_1_206' title='bbox 713 3517 848 3600; x_wconf 86' lang='lat' dir='ltr'><strong>sumptis</strong></span> <span class='ocrx_word' id='word_1_207' title='bbox 871 3515 934 3581; x_wconf 89' lang='lat' dir='ltr'><strong>hoe</strong></span> <span class='ocrx_word' id='word_1_208' title='bbox 957 3516 1139 3585; x_wconf 86' lang='lat' dir='ltr'><strong>confirmari</strong></span> <span class='ocrx_word' id='word_1_209' title='bbox 1162 3518 1282 3603; x_wconf 76' lang='lat' dir='ltr'><strong>nequit.</strong></span> 
     </span>
    </p>

    <p class='ocr_par' dir='ltr' id='par_1_3' title="bbox 418 3615 1467 3709">
     <span class='ocr_line' id='line_1_29' title="bbox 418 3615 1467 3709; baseline 0 -25"><span class='ocrx_word' id='word_1_210' title='bbox 418 3615 506 3685; x_wconf 89' lang='lat' dir='ltr'><strong>Mihi</strong></span> <span class='ocrx_word' id='word_1_211' title='bbox 541 3625 648 3680; x_wconf 85' lang='lat' dir='ltr'><strong>auteur</strong></span> <span class='ocrx_word' id='word_1_212' title='bbox 684 3626 808 3682; x_wconf 85' lang='lat' dir='ltr'><strong>textum</strong></span> <span class='ocrx_word' id='word_1_213' title='bbox 843 3619 924 3708; x_wconf 86' lang='lat' dir='ltr'><strong>legis</strong></span> <span class='ocrx_word' id='word_1_214' title='bbox 959 3619 1162 3702; x_wconf 84' lang='lat' dir='ltr'><strong>Frisionum,</strong></span> <span class='ocrx_word' id='word_1_215' title='bbox 1195 3645 1292 3709; x_wconf 88' lang='lat' dir='ltr'><strong>quem</strong></span> <span class='ocrx_word' id='word_1_216' title='bbox 1315 3634 1388 3709; x_wconf 86' lang='lat' dir='ltr'><strong>post</strong></span> <span class='ocrx_word' id='word_1_217' title='bbox 1411 3644 1467 3694; x_wconf 85' lang='lat' dir='ltr'><strong>an-</strong></span> 
     </span>
    </p>
   </div>
   <div class='ocr_carea' id='block_1_3' title="bbox 367 3721 1468 4128">
    <p class='ocr_par' dir='ltr' id='par_1_4' title="bbox 367 3721 1468 4128">
     <span class='ocr_line' id='line_1_30' title="bbox 372 3721 1466 3816; baseline 0.001 -25"><span class='ocrx_word' id='word_1_218' title='bbox 372 3747 450 3792; x_wconf 90' lang='lat' dir='ltr'><strong>uum</strong></span> <span class='ocrx_word' id='word_1_219' title='bbox 486 3721 552 3788; x_wconf 85' lang='grc'><strong>785</strong></span> <span class='ocrx_word' id='word_1_220' title='bbox 590 3721 745 3808; x_wconf 88' lang='lat' dir='ltr'><strong>scriptum</strong></span> <span class='ocrx_word' id='word_1_221' title='bbox 776 3724 1004 3807; x_wconf 78' lang='lat' dir='ltr'><strong>indicaverim,</strong></span> <span class='ocrx_word' id='word_1_222' title='bbox 1032 3730 1212 3796; x_wconf 86' lang='lat' dir='ltr'><strong>accuratius</strong></span> <span class='ocrx_word' id='word_1_223' title='bbox 1235 3728 1466 3816; x_wconf 86' lang='lat' dir='ltr'><strong>perscrutanti,</strong></span> 
     </span>
     <span class='ocr_line' id='line_1_31' title="bbox 370 3827 1468 3924; baseline 0.008 -28"><span class='ocrx_word' id='word_1_224' title='bbox 370 3827 523 3919; x_wconf 90' lang='lat' dir='ltr'><strong>permulti</strong></span> <span class='ocrx_word' id='word_1_225' title='bbox 553 3827 616 3894; x_wconf 88' lang='lat' dir='ltr'><strong>loci</strong></span> <span class='ocrx_word' id='word_1_226' title='bbox 647 3827 790 3895; x_wconf 86' lang='lat' dir='ltr'><strong>eiusdem</strong></span> <span class='ocrx_word' id='word_1_227' title='bbox 823 3829 977 3920; x_wconf 87' lang='lat' dir='ltr'><strong>disparati</strong></span> <span class='ocrx_word' id='word_1_228' title='bbox 1012 3848 1201 3924; x_wconf 82' lang='lat' dir='ltr'><strong>emergunt,</strong></span> <span class='ocrx_word' id='word_1_229' title='bbox 1223 3833 1341 3922; x_wconf 90' lang='lat' dir='ltr'><strong>quibus</strong></span> <span class='ocrx_word' id='word_1_230' title='bbox 1365 3833 1468 3905; x_wconf 79' lang='lat' dir='ltr'><strong>addu-</strong></span> 
     </span>
     <span class='ocr_line' id='line_1_32' title="bbox 367 3939 1467 4034; baseline 0.003 -32"><span class='ocrx_word' id='word_1_231' title='bbox 367 3957 442 4015; x_wconf 84' lang='lat' dir='ltr'><strong>cor,</strong></span> <span class='ocrx_word' id='word_1_232' title='bbox 476 3944 515 4003; x_wconf 89' lang='lat' dir='ltr'><strong>ut</strong></span> <span class='ocrx_word' id='word_1_233' title='bbox 550 3957 609 4021; x_wconf 92' lang='lat' dir='ltr'><strong>pro</strong></span> <span class='ocrx_word' id='word_1_234' title='bbox 645 3945 733 4002; x_wconf 85' lang='lat' dir='ltr'><strong>certo</strong></span> <span class='ocrx_word' id='word_1_235' title='bbox 768 3946 897 4024; x_wconf 87' lang='lat' dir='ltr'><strong>putem,</strong></span> <span class='ocrx_word' id='word_1_236' title='bbox 931 3940 1012 4030; x_wconf 85' lang='lat' dir='ltr'><strong>legis</strong></span> <span class='ocrx_word' id='word_1_237' title='bbox 1048 3953 1154 4028; x_wconf 85' lang='lat' dir='ltr'><strong>partes</strong></span> <span class='ocrx_word' id='word_1_238' title='bbox 1193 3965 1257 4007; x_wconf 92' lang='lat' dir='ltr'><strong>uno</strong></span> <span class='ocrx_word' id='word_1_239' title='bbox 1290 3939 1467 4034; x_wconf 87' lang='lat' dir='ltr'><strong>eodemque</strong></span> 
     </span>
     <span class='ocr_line' id='line_1_33' title="bbox 368 4046 1468 4128; baseline 0.005 -22"><span class='ocrx_word' id='word_1_240' title='bbox 368 4051 513 4128; x_wconf 89' lang='lat' dir='ltr'><strong>tempore</strong></span> <span class='ocrx_word' id='word_1_241' title='bbox 543 4062 608 4108; x_wconf 87' lang='lat' dir='ltr'><strong>nou</strong></span> <span class='ocrx_word' id='word_1_242' title='bbox 640 4063 708 4108; x_wconf 83' lang='lat' dir='ltr'><strong>esse</strong></span> <span class='ocrx_word' id='word_1_243' title='bbox 739 4046 892 4116; x_wconf 81' lang='lat' dir='ltr'><strong>conditas.</strong></span> <span class='ocrx_word' id='word_1_244' title='bbox 946 4046 998 4118; x_wconf 73' lang='lat' dir='ltr'><strong>Ex</strong></span> <span class='ocrx_word' id='word_1_245' title='bbox 1029 4071 1102 4119; x_wconf 85' lang='lat' dir='ltr'><strong>mea</strong></span> <span class='ocrx_word' id='word_1_246' title='bbox 1125 4049 1282 4116; x_wconf 87' lang='lat' dir='ltr'><strong>sententia</strong></span> <span class='ocrx_word' id='word_1_247' title='bbox 1306 4048 1359 4122; x_wconf 70' lang='lat' dir='ltr'><strong>lea</strong></span> <span class='ocrx_word' id='word_1_248' title='bbox 1384 4047 1468 4122; x_wconf 81' lang='lat' dir='ltr'><strong>anti.-</strong></span> 
     </span>
    </p>
   </div>
   <div class='ocr_carea' id='block_1_4' title="bbox 401 4315 1256 4477">
    <p class='ocr_par' dir='ltr' id='par_1_5' title="bbox 401 4315 1256 4477">
     <span class='ocr_line' id='line_1_34' title="bbox 401 4315 778 4386; baseline 0 -16"><span class='ocrx_word' id='word_1_249' title='bbox 401 4323 440 4372; x_wconf 72' lang='grc'><strong>44</strong></span> <span class='ocrx_word' id='word_1_250' title='bbox 473 4315 544 4369; x_wconf 80' lang='lat' dir='ltr'><strong>vius</strong></span> <span class='ocrx_word' id='word_1_251' title='bbox 561 4331 639 4384; x_wconf 86' lang='lat' dir='ltr'><strong>supra</strong></span> <span class='ocrx_word' id='word_1_252' title='bbox 654 4335 681 4386; x_wconf 90' lang='lat' dir='ltr'><strong>p.</strong></span> <span class='ocrx_word' id='word_1_253' title='bbox 699 4321 778 4374; x_wconf 79' lang='lat' dir='ltr'><strong>XIX.</strong></span> 
     </span>
     <span class='ocr_line' id='line_1_35' title="bbox 402 4395 1256 4477; baseline 0.002 -25"><span class='ocrx_word' id='word_1_254' title='bbox 402 4403 438 4454; x_wconf 68' lang='lat' dir='ltr'><strong>at</strong></span> <span class='ocrx_word' id='word_1_255' title='bbox 472 4395 579 4455; x_wconf 60' lang='lat' dir='ltr'><strong>Confer.</strong></span> <span class='ocrx_word' id='word_1_256' title='bbox 595 4398 744 4454; x_wconf 85' lang='lat' dir='ltr'><strong>Dshlmaun</strong></span> <span class='ocrx_word' id='word_1_257' title='bbox 761 4399 858 4458; x_wconf 66' lang='lat' dir='ltr'><strong>Geron.</strong></span> <span class='ocrx_word' id='word_1_258' title='bbox 874 4416 926 4460; x_wconf 72' lang='lat' dir='ltr'><strong>uon</strong></span> <span class='ocrx_word' id='word_1_259' title='bbox 944 4402 1111 4464; x_wconf 70' lang='lat' dir='ltr'><strong>Danuemartr</strong></span> <span class='ocrx_word' id='word_1_260' title='bbox 1128 4406 1149 4463; x_wconf 73' lang='grc' dir='ltr'><strong>Ι,</strong></span> <span class='ocrx_word' id='word_1_261' title='bbox 1166 4421 1192 4477; x_wconf 85' lang='lat' dir='ltr'><strong>p.</strong></span> <span class='ocrx_word' id='word_1_262' title='bbox 1212 4406 1256 4465; x_wconf 93' lang='grc'><strong>89.</strong></span> 
     </span>
    </p>
   </div>
   <div class='ocr_carea' id='block_1_5' title="bbox 0 0 1576 5460">
    <p class='ocr_par' dir='ltr' id='par_1_6' title="bbox 0 0 1576 5460">
     <span class='ocr_line' id='line_1_36' title="bbox 0 0 1576 5460; baseline 0 0"><span class='ocrx_word' id='word_1_263' title='bbox 0 0 1576 5460; x_wconf 95' lang='lat' dir='ltr'><strong> </strong></span> 
     </span>
    </p>
   </div>
  </div>
 </body>
</html>
