3156 5464
478 563 594 630 Inonx
617 565 756 631 Rsnntr.
1139 564 1198 630 131

126 763 195 821 sitio
224 761 256 817 in
289 759 458 818 vulneribus
485 767 513 817 et
542 760 775 836 percussionibus
806 767 870 824 etc„
899 758 985 814 tertie
1004 765 1086 834 perte
1107 760 1199 817 maior

128 849 348 916 effrenare-liti
380 867 446 908 vero
472 849 638 926 compositio
660 848 810 906 medietate
830 847 925 904 minor
944 855 985 904 est
1005 866 1092 923 quem
1112 849 1198 907 liberi

125 940 257 998 'hominis
287 938 384 1003 XXII,
414 936 463 1002 90,
494 943 533 1013 cs.
563 939 651 997 Add.
680 935 1199 1016 111,·tl-73;‹tonominibusqut

128 1030 192 1087 sine
221 1027 425 1107 compositione
454 1025 546 1083 occidi
565 1036 683 1104 possum
701 1026 741 1093 V,
759 1029 873 1092 inser.,·
891 1025 944 1102 qui
963 1025 1195 1102 compositionem

129 1118 222 1195 ipsine
242 1117 277 1192 (i.
297 1137 321 1174 e.
339 1115 372 1172 in
390 1116 477 1172 turbe
496 1115 593 1190 occisi)
613 1134 751 1192 quaerere
772 1115 832 1172 vult
851 1114 932 1180 XIV,
954 1114 978 1172 I.
1003 1114 1030 1173 3.
1051 1114 1085 1179 t,
1099 1116 1196 1173 haeres

130 1206 216 1264 occisi
245 1205 394 1282 proximus
422 1204 572 1262 homicidii
591 1205 828 1281 compositionem
848 1203 973 1261 exsolvat
992 1203 1073 1270 XIV,
1092 1203 1128 1269 6,
1148 1223 1198 1262 ex-

130 1294 238 1372 positor
262 1295 377 1351 tertiam
397 1302 509 1369 pertem
535 1292 747 1370 compositionis
765 1293 891 1349 exsolvet
910 1292 952 1355 II,
974 1293 1027 1358 ΙΙ,
1076 1293 1108 1351 in
1127 1294 1197 1350 sim-

131 1383 182 1460 plo
200 1383 272 1440 furti
291 1382 524 1459 compositionem
543 1383 669 1440 exsolvet
688 1381 747 1447 ΙΙΙ,
764 1381 801 1446 8,
821 1392 972 1458 componet
993 1399 1111 1439 menum
1133 1401 1197 1458 per·

131 1491 244 1528 nussam
276 1471 436 1549 barpatoris
466 1471 508 1545 (et
536 1472 677 1529 foeminas
708 1472 816 1528 iresnm
843 1470 989 1535 incientis,
1007 1479 1036 1528 et
1054 1470 1197 1549 aurificis)

2 1613 7 1620 .
132 1569 236 1636 qnertn
266 1569 347 1636 perte
368 1557 471 1616 maiori
490 1560 695 1636 compositione
714 1578 804 1634 quem
823 1560 907 1616 elteri
926 1559 1056 1617 eiusdem
1075 1559 1198 1617 conditi·

132 1650 197 1708 onis
215 1648 327 1705 homini
346 1648 421 1705 Iud.
443 1647 530 1705 Wnl.
556 1647 598 1706 10.
621 1646 668 1725 Os.
691 1648 809 1712 mulcta,
828 1647 991 1705 satisfactio.
1209 1716 1211 1720 Ι

90 1736 459 1813 comprehenderes
492 1738 525 1811 a)
544 1736 568 1794 si
588 1737 654 1812 quis
672 1737 763 1793 elium
782 1755 835 1813 per
865 1736 982 1813 capillos
1010 1741 1198 1814 comprehen-

133 1827 210 1884 derit
237 1825 333 1890 XXII,
363 1823 409 1884 65.
441 1825 529 1884 Add.
549 1824 607 1889 ΙΙΙ,
627 1824 679 1888 40,
701 1830 740 1900 cs.
760 1826 934 1883 abstrahere.
975 1828 1004 1901 ὁ)
1026 1827 1059 1885 Si
1077 1847 1130 1902 per
1151 1846 1197 1885 re-

133 1915 225 1972 rendn
244 1914 386 1971 foeminae
405 1913 654 1990 comprehenderit
673 1913 769 1979 XXII,
789 1913 845 1978 89,
866 1916 905 1988 cs.
924 1915 1073 1991 stringere.

93 2005 322 2062 concitare:
351 2004 375 2060 si
394 2004 460 2080 quis
479 2004 511 2060 in
530 2004 654 2062 exercitu
673 2002 753 2059 litem
774 2003 958 2060 concitaverit
979 2002 1075 2068 XVII,
1097 2004 1121 2062 l.

92 2092 359 2150 concrederet
390 2101 454 2149 uter
481 2093 511 2150 in
541 2092 697 2148 certamine
724 2091 868 2148 convictus
886 2091 987 2157 fuerit,
1006 2101 1034 2150 et
1053 2093 1108 2150 sibi
1128 2112 1197 2151 con·

133 2180 288 2239 crediderit
307 2181 395 2238 solvet
415 2181 529 2237 leudem
550 2179 630 2244 XIV,
649 2179 679 2237 5.
803 2177 805 2182 ’
916 2239 920 2243 ,

93 2271 377 2328 concumberer
415 2269 440 2326 si
470 2269 565 2326 libera
594 2269 720 2326 foemina
751 2287 817 2326 cnm
847 2268 900 2326 lito
919 2287 978 2326 non
998 2272 1198 2329 concumberet

133 2359 189 2425 VI,
212 2360 236 2418 l.
268 2356 316 2432 Cf.
335 2358 418 2415 liber.

94 2448 296 2505 conditio:
326 2456 477 2522 componet
505 2447 647 2510 occisum,
675 2445 872 2520 cuiuscunque
902 2445 988 2504 fuerit
1018 2448 1200 2514 conditionis,

134 2538 194 2593 sire
224 2536 340 2600 nobilis,
371 2537 429 2593 sire
456 2536 542 2600 liber,
561 2536 619 2593 site
639 2535 707 2592 litus
726 2535 763 2591 sit
782 2534 851 2598 VII,
870 2533 898 2592 2.
918 2535 945 2600 Ι,
968 2535 1019 2600 13,
1039 2537 1114 2595 iuret
1134 2539 1197 2614 (nc-

136 2626 216 2702 bitis)
246 2644 311 2682 cnm
345 2626 376 2682 Il
411 2625 537 2682 eiusdem
569 2625 741 2682 conditionis
771 2623 936 2682 bominibus
966 2625 993 2690 Ι,
1021 2624 1057 2690 2,
1089 2627 1200 2684 sistere

135 2714 321 2777 conditionis,
350 2715 377 2770 id
399 2723 439 2772 est
458 2715 533 2771 iiber
552 2724 611 2770 eret
632 2715 858 2786 (occisos),cnn1
879 2715 972 2770 tribns
991 2733 1082 2790 eeqne
1101 2715 1202 2772 liberis

135 2805 214 2862 iuret
243 2802 270 2868 I,
298 2803 353 2866 20,
382 2803 451 2864 litns
481 2822 547 2860 cnm
576 2801 614 2860 35
644 2802 874 2859 coniuratoribus
893 2821 961 2858 suae
980 2802 1151 2860 conditionis
1170 2823 1200 2862 se

136 2901 252 2951 excuset
280 2892 307 2958 I,
335 2893 364 2950 8.
396 2891 454 2957 III,
484 2891 520 2956 4,
549 2892 573 2948 si
598 2892 670 2954 Iitus
691 2891 727 2946 de
746 2891 846 2966 cepitis
866 2892 911 2946 sui
930 2892 1092 2949 conditione
1111 2893 1200 2950 inerit

136 2982 332 3040 calumniatus
350 2981 404 3045 XI,
422 2981 459 3045 2,
479 2980 569 3037 sciret
592 2980 740 3036 mutierem
765 2979 886 3036 occisam
914 2980 995 3037 iuxta
1006 2981 1198 3040 conditionem
1257 2990 1262 3004 '

137 3091 232 3135 suern,
261 3071 332 3128 sicut
363 3079 391 3127 et
424 3070 583 3126 masculum
614 3067 740 3126 eiusdem
770 3069 941 3126 conditionis
975 3070 1083 3128 solvere
1114 3073 1200 3130 debet

137 3161 228 3219 Add.
257 3159 295 3224 V,
328 3159 361 3224 Ι,
389 3168 543 3234 componet
569 3158 641 3215 iilud
672 3159 846 3235 (Imrpntori)
866 3167 970 3234 qnerte
989 3171 1069 3236 perte
1089 3162 1198 3221 maiore

137 3249 359 3327 compositione,
387 3267 476 3322 quem
508 3247 591 3304 citeri
620 3247 747 3304 eiusdem
779 3247 950 3304 conditionis
979 3249 1091 3306 homini
1122 3251 1197 3310 Iud.

140 3341 228 3399 Wul.
253 3340 295 3396 10.
331 3336 377 3413 Os.
399 3337 516 3402 nobilis,
534 3337 618 3400 liber,
639 3337 718 3400 litus,
736 3355 844 3393 sertus.

97 3415 344 3494 e'ondncerer
363 3428 487 3502 campio,
505 3427 556 3501 qui
577 3426 706 3482 mercede
724 3423 882 3481 conductus
901 3434 944 3482 est
963 3425 1042 3491 XIV,
1061 3429 1090 3486 7.

99 3519 318 3595 configere:
348 3516 372 3572 si
400 3525 476 3572 coste
506 3514 618 3572 confixa
646 3514 735 3571 fucrit
765 3512 854 3573 Adri.
886 3514 943 3579 III,
964 3515 1020 3582 29,
1041 3520 1080 3593 cs.
1100 3519 1199 3597 figere,

137 3609 244 3666 forare.

99 3695 307 3755 confiteris
338 3695 362 3751 si
381 3695 524 3752 confessus
543 3693 630 3752 fuerit
649 3693 708 3759 ΙΙΙ,
727 3693 756 3751 3.
776 3695 805 3752 7.
828 3691 876 3768 Of.
896 3714 974 3761 reus,
991 3709 1148 3772 suspectus.

27 3813 31 3820 ⁴
99 3785 380 3862 confringeret
411 3784 436 3840 ei
465 3784 617 3841 brachium
649 3784 704 3859 (os)
732 3783 910 3841 eonfrsotum
929 3784 1015 3843 fuerit
1034 3787 1132 3854 XXII,
1151 3789 1198 3848 24.

139 3874 187 3933 25.
210 3872 258 3950 Cf.
275 3874 419 3950 frangere.

98 3964 352 4040 coninginme
381 3963 417 4020 de
447 3961 586 4038 coniugiis
614 3961 754 4037 ignoretis
777 3959 831 4025 VI,
849 3964 942 4022 inser.
965 3962 1011 4038 Os.
1031 3968 1159 4043 nuptiae.

98 4056 366 4114 coniuratore
395 4053 445 4109 iIIe
474 4051 560 4117 dixit,
588 4071 617 4110 se
647 4051 721 4108 velle
740 4068 808 4108 cum
827 4053 1056 4112 coniuratoribus
1075 4057 1133 4115 suis
1152 4078 1198 4116 sn-

140 4151 288 4202 cremento
317 4162 347 4201 se
376 4160 499 4219 porgere
521 4141 602 4206 XIV,
620 4140 654 4206 113
674 4160 727 4218 ego
746 4149 773 4198 te
793 4159 858 4198 curn
879 4144 1109 4202 coniuratoribus
1130 4150 1200 4207 meis

141 4232 172 4300 6,
202 4234 232 4298 7,
264 4231 309 4297 10,
341 4230 386 4290 12.
416 4230 454 4290 20
483 4240 660 4288 sacramento
688 4249 752 4288 meo
771 4231 843 4288 mibi
862 4231 947 4290 litum
967 4234 1082 4300 faciem,
1104 4239 1147 4295 rel
1166 4248 1200 4297 tn

140 4341 209 4380 cum
239 4322 297 4380 tuis
327 4320 559 4378 coniuratoribus
581 4329 607 4378 te
626 4319 712 4377 debes
731 4338 866 4378 excusare
885 4320 938 4386 XI,
962 4322 993 4388 Ι,
1014 4324 1050 4380 de
1069 4328 1201 4386 coniure-

143 4411 255 4470 tcribne
285 4411 346 4468 eins
375 4409 524 4488 (periuris)
557 4410 753 4486 unnsquisque
781 4410 922 4486 persolvet
953 4411 988 4477 X,
1021 4413 1045 4472 l.
1075 4416 1154 4483 XIV,
1175 4418 1202 4478 3.
