3158 5464
326 569 371 632 66
706 565 737 632 u
759 581 823 632 1'r.
845 564 891 632 11.
933 567 948 652 s
972 569 1063 632 6-6.

324 764 470 828 occidam
499 781 588 840 eoque
618 771 733 820 anctore
764 764 883 820 verbum
914 763 1075 840 exponendi
1106 762 1201 840 Rogge
1220 782 1249 839 p.
1269 759 1306 818 27
1327 764 1382 820 hoc
1399 760 1433 820 in

327 854 388 909 loco
416 869 483 909 voce
512 851 646 911 theotisca
674 856 821 929 oneliflen
848 852 1008 918 transtulit,
1034 862 1062 910 et
1089 851 1190 910 Wilda
1208 871 1239 928 p.
1259 850 1313 910 631
1336 853 1432 910 locum

326 941 398 1020 legis
427 942 469 999 ita
497 941 700 1019 interpretatus
728 951 784 999 est:
817 961 847 998 es
875 945 960 999 batte
991 942 1123 1000 lemond
1150 943 1249 1000 dabla
1276 943 1435 1017 geroirlet.

329 1032 418 1088 thella
438 1031 519 1087 wolel
536 1031 636 1089 florele
650 1033 896 1107 peyebologe'eclee
926 1032 1147 1108 Mllwe'rlsunp.
1168 1033 1258 1090 tbeile
1277 1034 1381 1090 ladem
1400 1052 1436 1089 er

325 1121 380 1177 elie
414 1119 600 1196 Gelegenbelt
631 1122 711 1180 daeo
745 1123 936 1197 oerenlroffln
967 1123 1040 1179 close
1068 1131 1122 1179 etc.
1172 1121 1255 1179 lluud
1285 1121 1436 1198 ambigam
1561 1143 1563 1184 t

331 1228 427 1267 vocem
456 1229 601 1286 exponere
638 1219 736 1268 nostro
756 1211 789 1267 in
808 1211 878 1288 legis
897 1211 959 1268 loco
978 1211 1020 1267 itu
1040 1230 1100 1268 esse
1118 1211 1384 1287 interpretandam.
1402 1220 1437 1268 nt
1562 1211 1563 1254 ³

330 1299 407 1359 dieat
428 1318 443 1352 e
464 1301 622 1358 conducere
642 1302 803 1364 mercede’';
823 1301 931 1376 quoin
951 1320 1035 1358 sensu
1056 1302 1156 1358 titulus
1175 1299 1213 1359 28
1232 1301 1303 1378 legis
1323 1301 1437 1360 Salinae

330 1392 376 1450 ed.
395 1391 536 1449 Merkel»
548 1390 584 1447 ‹le
603 1390 827 1449 elocationibus‘'
849 1409 915 1446 roce
934 1391 1048 1448 elocare
1065 1391 1173 1466 (louer)
1185 1389 1278 1448 utitur
1295 1391 1436 1448 scribens:

327 1485 359 1539 el
387 1485 455 1555 pelle
485 1484 517 1538 e'n
538 1483 668 1556 furtum
698 1483 827 1537 elocutos
856 1488 974 1554 accepto
1001 1482 1103 1554 precio
1133 1479 1281 1538 bominem
1301 1481 1438 1538 occidere

332 1571 471 1634 uoluerit.
498 1579 540 1625 ete
571 1572 599 1626 sl
625 1570 693 1642 queis
713 1571 745 1624 ln
757 1571 888 1641 suentem
908 1569 1032 1642 ollqnld
1050 1571 1162 1626 elocare
1181 1572 1321 1628 voluerit.
1361 1569 1437 1628 Ver·
1562 1615 1563 1620 ,

331 1662 375 1718 bis
396 1659 557 1738 compositis
583 1676 741 1732 eos-ponere
770 1663 799 1713 el
829 1660 955 1713 e-loeore
976 1657 1104 1716 medium
1124 1678 1226 1716 aerum
1247 1659 1292 1715 his
1311 1659 1346 1716 in
1365 1659 1436 1716 locis

332 1770 419 1807 unam
439 1748 618 1823 eandemque
638 1747 770 1804 attribuit
797 1746 1047 1822 significationem.
1066 1747 1176 1805 ratione
1195 1748 1314 1806 fortasse
1334 1749 1437 1807 habita

333 1838 484 1898 verborum
515 1836 689 1913 simplicium
715 1855 826 1911 ponere
856 1843 884 1893 et
914 1837 1022 1900 locare.
1051 1855 1126 1912 quae
1157 1837 1322 1916 saepissime
1355 1838 1434 1895 idem

330 1930 385 1989 sibi
417 1929 524 1986 uolunt.
574 1927 715 1984 llelictum
744 1928 776 1983 166
807 1927 869 1984 1666
901 1925 970 2002 legis
1001 1925 1113 1986 Saliene
1153 1935 1181 1983 et
1210 1929 1243 1983 in
1269 1925 1334 1984 loco
1362 1927 1437 2004 legis

331 2020 453 2077 Frisieae
475 2026 628 2075 tractatum
647 2017 689 2073 ila
706 2017 784 2072 inter
803 2035 832 2072 66
851 2015 960 2080 differt.
980 2023 1012 2072 ut
1031 2014 1077 2073 lex
1097 2016 1264 2074 Frisionum
1284 2039 1302 2072 u
1321 2018 1437 2094 exposi-

330 2113 414 2166 tum''
444 2109 503 2164 iam
532 2125 592 2164 esse
622 2105 757 2168 occisum.
788 2104 835 2161 lex
866 2105 961 2163 Sulioa
990 2113 1087 2161 antem
1117 2125 1186 2164 eum
1216 2105 1247 2164 in
1275 2108 1377 2184 fugam
1406 2127 1436 2164 sc

329 2196 492 2254 contulisse.
533 2195 645 2252 Afferre
671 2194 788 2251 tandem
809 2193 893 2250 eelim
914 2193 952 2250 etl
972 2193 1166 2252 defensionem
1186 2196 1437 2273 interpretationis

311 2306 411 2344 ,mene
440 2283 601 2363 propositae
627 2283 844 2360 inscriptionem
874 2283 950 2340 tituli
970 2287 1119 2358 sor-esni,
1148 2304 1236 2361 quam
1258 2285 1434 2343 elocuturum

328 2377 364 2450 (i.
386 2395 411 2433 e.
432 2375 595 2452 verdinger)
615 2375 786 2451 exprimere.
805 2374 835 2430 iu
857 2381 923 2430 nota
944 2371 978 2429 21
1003 2373 1154 2450 explicari.

373 2467 403 2501 ²⁸
446 2465 523 2522 Voce
563 2466 670 2529 leudis.
701 2483 759 2538 qna
800 2462 989 2540 weregeldum
1021 2461 1205 2540 exprimitur.
1236 2463 1295 2521 iuri
1326 2462 1436 2542 Frisioo

329 2556 509 2612 saeculorum
538 2553 726 2630 posteriorum
757 2553 808 2608 boo
835 2551 867 2608 'in
889 2571 972 2610 sensu
993 2553 1138 2630 incognita
1159 2553 1235 2626 (vide
1256 2553 1345 2611 l'ries.
1366 2554 1437 2612 Wb.

329 2666 355 2704 s.
376 2667 402 2704 v.
435 2644 514 2702 liode
545 2642 587 2700 vel
616 2643 699 2700 liude
729 2643 748 2698 1.
768 2662 793 2700 e.
827 2643 979 2712 homines),
1009 2652 1144 2701 utuntur:
1176 2643 1222 2699 lex
1250 2642 1322 2701 Fris.
1345 2643 1386 2708 11,
1411 2644 1435 2703 l.

332 2735 414 2794 4-9.
436 2733 472 2799 V.
492 2732 520 2791 2.
541 2732 620 2797 xlv.
639 2733 668 2790 4.
685 2731 715 2790 5.
734 2731 765 2794 7,
784 2729 805 2788 1.
824 2731 884 2789 Sal.
905 2731 950 2789 ed.
981 2731 1094 2790 Merkel
1126 2731 1174 2790 53.
1205 2730 1242 2790 96
1273 2733 1316 2808 tin
1348 2735 1437 2811 gloss.
1561 2817 1562 2824 ἵ

331 2824 536 2887 1161166661,
565 2823 653 2886 leodi.
686 2821 854 2881 6106166666
877 2819 966 2879 llalb.
987 2819 1031 2880 Gl.
1051 2841 1079 2898 p.
1101 2821 1150 2893 Χ),
1177 2819 1198 2879 l.
1222 2822 1312 2880 Thur.
1333 2825 1377 2881 tit.
1399 2823 1435 2880 de
1561 2879 1562 2886 ,

330 2915 486 2977 alodibus3
504 2913 546 2970 rel
566 2913 598 2968 iu
617 2913 735 2969 formise
757 2913 823 2968 leod
849 2912 962 2988 (masc.)
982 2912 1002 2968 l.
1023 2912 1154 2970 tethelb.
1175 2909 1221 2968 22.
1243 2911 1293 2977 23,
1313 2915 1393 2970 leode
1413 2913 1435 2971 l.
1561 2945 1562 2952 .

332 3005 371 3060 ad
390 3006 523 3059 Amorem
544 3020 569 3060 6.
591 3001 643 3063 lu.
670 3001 780 3057 leodem
800 3002 920 3073 (accus.)
941 3000 1106 3076 capitulare
1125 3020 1152 3058 a.
1180 2999 1238 3058 819
1258 3020 1282 3058 o.
1304 2999 1333 3068 7,
1354 3001 1434 3061 Mon.
1561 2985 1562 3008 ¹

332 3093 429 3151 Germ.
450 3090 509 3147 LI..
527 3088 550 3146 Ι.
570 3109 601 3165 p.
621 3085 690 3151 226,
718 3088 1060 3165 11661666(66666.)06ρ.
1081 3108 1108 3145 a.
1129 3087 1187 3146 808
1206 3108 1231 3146 e.
1251 3088 1281 3154 2,
1302 3089 1380 3146 Mon.
1402 3091 1435 3150 G.

333 3182 391 3240 LL.
414 3179 437 3238 1.
457 3201 487 3257 p.
512 3176 574 3235 152.
614 3177 655 3233 116
677 3176 762 3233 verbo
796 3196 831 3233 ex
864 3177 1032 3234 Germanico
1062 3179 1132 3235 liud
1162 3178 1205 3235 vel
1233 3180 1299 3236 leod
1327 3179 1435 3256 (popu-

333 3273 390 3338 lns,
417 3273 516 3342 bomo)
545 3265 763 3343 interpretando
793 3265 856 3322 ride
890 3265 1000 3323 (irinum
1037 3267 1098 3333 ttl.
1127 3288 1156 3344 p.
1179 3267 1247 3333 652,
1277 3268 1366 3326 Mulb.
1388 3270 1434 3329 (il.

333 3385 364 3441 p.
383 3361 410 3420 X
429 3372 457 3419 et
476 3357 640 3418 Mitllenboi
656 3357 694 3414 ad
717 3356 811 3414 Waita
831 3355 891 3415 sat.
910 3355 944 3414 R.
965 3378 995 3433 p.
1015 3355 1082 3414 288.

375 3452 407 3488 ²⁵
451 3451 642 3507 Inimicitias
666 3490 693 3507 ..
710 3451 861 3522 patiatur
880 3445 919 3511 11,
938 3445 957 3502 2
978 3447 1021 3504 661
1041 3447 1224 3505 inimicitias
1237 3458 1341 3524 portet
1360 3449 1436 3507 edd.

335 3543 373 3600 ati
402 3541 446 3597 tit.
474 3538 515 3602 ΙΙ,
541 3537 619 3592 idem
646 3543 688 3592 ost
707 3536 785 3611 quod
797 3536 925 3610 saidam
944 3539 1098 3610 pellatur.
1119 3537 1164 3593 vel
1173 3539 1305 3611 saidam
1320 3547 1436 3614 portet.

335 3639 366 3689 nt
386 3629 408 3688 1.
428 3628 495 3686 Snx.
515 3625 555 3690 11,
575 3625 654 3688 dicit.
674 3624 717 3680 661
738 3626 884 3699 faidosus
897 3634 1089 3699 permoneat.
1116 3635 1149 3684 ut
1168 3626 1199 3682 in
1218 3627 1281 3703 lege
1301 3627 1375 3688 Fris.
1396 3628 1437 3693 11,

335 3719 400 3778 761
430 3716 503 3775 edd.
534 3715 560 3782 1,
589 3715 599 3770 1
632 3713 787 3772 invenitur.
829 3713 933 3773 Vocem
966 3715 1165 3774 Germanicum
1185 3718 1316 3793 suidam
1346 3719 1437 3776 sorbo

335 3811 440 3868 Latino
469 3805 639 3865 inimicitiae
670 3803 840 3861 translatam
860 3823 930 3869 6666,
948 3805 1073 3882 probant
1091 3805 1147 3863 loci
1167 3797 1263 3883 legum
1284 3807 1437 3865 Germani·

333 3920 433 3958 carum
463 3895 594 3974 plurimi.
622 3914 649 3951 r.
677 3913 733 3970 gn:
773 3893 826 3951 Ed.
846 3893 980 3951 Rotharis
1000 3893 1046 3952 15.
1066 3894 1114 3953 71.
1137 3893 1206 3953 1626
1217 3895 1316 3970 soe'do
1338 3898 1374 3954 id
1394 3909 1438 3954 eet

335 3990 526 4053 inimiciti03
555 3982 654 4041 Petitio
684 3981 757 4042 Fris.
778 3982 804 4040 Χ
825 3983 910 4058 (61666
932 4002 1042 4040 anuum
1068 3982 1141 4042 1200
1160 3988 1316 4062 concepta)=
1337 4005 1437 4044 omnes
1560 3997 1561 4044 3

334 4080 488 4137 Frielones
516 4076 623 4132 babent
665 4077 767 4129 eornm
795 4075 974 4130 inimicitias
1001 4076 1063 4130 siue
1081 4075 1183 4145 seille
1210 4094 1278 4132 eom
1299 4079 1438 4150 pecunia
1560 4093 1561 4112 ³

336 4169 503 4231 emendare.
531 4163 619 4221 Fries.
648 4163 700 4237 Rq.
720 4182 749 4238 p.
770 4161 819 4226 24,
837 4160 886 4220 23.
928 4161 962 4218 ln
991 4163 1169 4221 documentis
1187 4163 1282 4242 patrio
1301 4183 1437 4222 sermono

335 4257 487 4332 conceptis.
516 4273 568 4312 vox
586 4254 686 4327 saido
714 4251 850 4309 scribitur
878 4252 957 4309 66616
986 4253 1090 4310 modos
1118 4253 1149 4309 in
1169 4253 1240 4312 dial.
1259 4255 1347 4311 theot.
1368 4274 1436 4331 sup.

337 4355 390 4406 661.
402 4344 527 4420 selide.
547 4343 577 4398 in
597 4342 667 4399 61161.
689 4342 843 4416 Anglosnx.
853 4341 988 4415 Joebdle,
1008 4341 1040 4398 in
1059 4341 1181 4401 dialecto
1201 4341 1309 4401 Frisiae
1321 4343 1439 4402 mediae

331 4447 362 4495 et
392 4431 539 4494 orientalis
566 4430 720 4488 recentiore
740 4432 857 4503 scillae.
877 4432 988 4504 seltbe.
1008 4434 1094 4498 folle,
1114 4430 1201 4494 Fries.
1224 4433 1290 4490 Wb.
1312 4453 1342 4509 p.
1365 4432 1440 4498 730,
