3158 5464
324 569 366 638 18
524 569 641 635 T1r.
663 565 747 633 XX.
790 573 805 653 t
827 565 930 632 3.-Τ
952 583 965 630 1
987 583 1018 632 r.
1039 563 1161 632 XXII.

327 768 419 826 sieum
449 767 479 823 io
509 765 650 824 mordrito
680 762 775 819 novies
806 771 956 839 sumptum
987 781 1044 820 oon
1065 763 1101 820 sit
1120 761 1317 820 introductum
1338 764 1436 842 tripli-

328 857 438 915 eatione
457 855 510 914 illa
528 853 754 932 weregeldorum
774 849 960 916 Frisioornm,
980 853 1063 908 ouius
1084 852 1258 909 mentionem
1277 851 1346 908 facit
1378 853 1437 910 kd-

328 945 399 1003 ditio
428 945 500 1022 legis
528 941 706 1003 Frisiorum,
734 940 782 997 sed
816 941 908 998 adioto
937 940 989 996 illo
1019 943 1093 1018 regis
1123 941 1153 997 in
1182 940 1267 1000 titulo
1287 939 1344 998 vtt
1364 942 1437 1018 legia

328 1034 402 1091 Iris.
422 1042 653 1092 commemorato.
691 1029 726 1088 ln
747 1028 927 1087 Praefatione
946 1049 976 1105 p.
996 1027 1102 1090 XXXV
1141 1039 1169 1086 et
1187 1049 1216 1105 p.
1237 1028 1318 1088 XLII
1337 1039 1436 1088 autem

331 1123 460 1200 exposui,
479 1122 603 1180 edietum
624 1127 878 1178 commemoratum
906 1137 940 1175 ex
960 1138 1024 1175 mea
1043 1119 1178 1195 opinione
1197 1137 1274 1176 anno
1293 1117 1351 1177 785
1370 1139 1438 1197 pro·

331 1213 502 1289 mulgetum,
524 1211 706 1269 Additiouem
727 1208 797 1284 legis
816 1217 912 1265 autem
932 1227 1009 1265 anno
1028 1207 1086 1266 802
1106 1217 1232 1265 sanctam
1252 1226 1321 1266 esse.

373 1301 404 1336 ⁵⁰
446 1300 528 1358 Cous.
550 1300 605 1377 leg.
627 1298 752 1357 Salicum
771 1295 854 1361 XIII,
876 1296 894 1352 1
913 1297 971 1371 (ed.
991 1295 1125 1372 Merkel)=
1146 1305 1172 1353 se'
1187 1316 1270 1371 peter
1288 1300 1372 1373 repis
1392 1300 1440 1355 uel

332 1394 408 1447 letus
433 1392 596 1466 ingenuom
606 1391 760 1462 seminam
779 1387 928 1450 trooeerit,
946 1387 983 1442 de
1004 1389 1067 1443 vita
1088 1393 1252 1461 componat,
1270 1395 1297 1443 et
1317 1387 1387 1462 Gap.
1408 1406 1436 1443 a.

331 1478 386 1536 757
417 1497 442 1540 e.
473 1477 525 1534 222
555 1481 583 1534 si
612 1496 715 1534 servem
740 1484 796 1532 oret
817 1477 943 1532 libertam
963 1478 1108 1533 incestum
1127 1477 1320 1542 ammiserit,
1340 1495 1438 1550 sopet-

331 1571 412 1625 letur
429 1569 531 1643 plagis
550 1569 666 1629 meritis,
686 1563 764 1622 Mon.
786 1564 819 1622 G.
839 1563 897 1622 LL.
918 1563 941 1622 I.
963 1583 993 1639 p.
1012 1563 1059 1621 29.

372 1656 403 1691 ⁵¹
447 1655 575 1712 Titulum
606 1653 675 1711 XXI
705 1653 742 1708 ad
771 1651 893 1709 Frisium
925 1653 1048 1709 mediam
1077 1653 1231 1729 pertinere,
1262 1654 1357 1711 verbis
1376 1655 1439 1722 alu,

329 1746 464 1804 extremis
494 1745 719 1806 demonstratur,
748 1760 822 1816 quae
853 1750 949 1798 autern
980 1759 1047 1798 oum
1077 1743 1312 1801 antecedentibus
1330 1744 1373 1800 ita
1392 1761 1440 1799 oo·

332 1835 464 1897 haerent,
483 1842 515 1890 ut
534 1832 635 1888 ooniioi
655 1833 773 1888 fortasse
793 1830 888 1894 liaeat,
906 1829 1024 1886 titulum
1044 1849 1159 1888 omnem
1179 1852 1239 1889 uon
1258 1833 1347 1891 fuisse
1367 1832 1439 1908 legis

333 1922 495 1980 Frisionum
517 1921 736 1979 vetustissimae.

376 2011 407 2046 ⁵²
451 2011 492 2067 Ile
519 2010 615 2087 plagio
646 2010 717 2066 iuris
747 2007 910 2065 Germanioi
940 2007 1004 2064 vida
1026 2007 1126 2066 witda
1145 2031 1175 2087 p.
1197 2010 1272 2075 7973
1293 2010 1329 2067 de
1349 2011 1442 2068 sertis

332 2110 415 2159 extra
436 2099 559 2177 patriam
580 2098 703 2155 venditis
724 2099 810 2154 verba
828 2097 897 2153 facit
916 2096 937 2154 l.
958 2096 1029 2154 Fris.
1050 2096 1145 2162 XVII,
1164 2097 1192 2158 5.

376 2189 409 2225 ⁸⁸
452 2188 612 2264 Plagiariua
641 2187 731 2242 solvat
762 2184 950 2261 weregeldum
983 2195 1092 2243 »extra
1120 2188 1243 2262 patriam
1264 2187 1386 2248 venditi.
1406 2207 1440 2244 ao

333 2279 360 2336 si
389 2296 455 2334 eum
475 2275 699 2338 interfecisset”;
728 2274 806 2351 quod
837 2274 892 2351 legi
921 2275 1086 2332 Frisiorum
1116 2286 1307 2353 oongruenter
1335 2276 1441 2333 eonati-

335 2373 440 2424 tnuntr
470 2367 492 2423 l.
524 2365 584 2423 Sal.
614 2363 750 2429 XXXIX,
779 2363 807 2421 3.
838 2362 858 2419 1
887 2364 945 2437 (ed.
977 2363 1088 2420 Merkel
1106 2375 1134 2422 et
1154 2365 1248 2424 novel.
1269 2385 1314 2422 nr.
1338 2365 1393 2423 115
1413 2375 1442 2423 et

334 2455 424 2534 226),
454 2455 476 2514 l.
507 2453 597 2512 Thur.
626 2454 693 2519 VII,
721 2452 741 2510 5
770 2452 829 2525 (ed.
861 2451 971 2510 Merkel
1001 2454 1045 2511 tit.
1074 2452 1104 2509 11
1133 2455 1169 2510 de
1187 2455 1273 2510 furtis
1292 2473 1317 2511 e.
1339 2455 1367 2512 6.
1389 2455 1441 2531 7),

336 2545 359 2602 l.
388 2545 480 2601 illam.
511 2543 639 2600 lllotkar.
671 2541 783 2605 XLVIt
812 2541 834 2599 l.
865 2540 927 2600 Bai.
962 2541 1042 2606 VIII,
1064 2543 1092 2599 lt.
1111 2543 1125 2618 ᾗ
1145 2543 1173 2600 2.
1194 2542 1260 2608 XV,
1278 2542 1306 2600 5.
1325 2543 1340 2620 ᾖ
1361 2545 1399 2609 31
1418 2545 1440 2602 1.

337 2633 406 2691 Sax.
437 2630 477 2697 ll,
505 2632 523 2686 ’1
554 2631 611 2706 (ed.
645 2629 754 2687 Merkel
774 2649 798 2688 o.
819 2629 886 2705 20),
907 2631 939 2687 in
958 2630 1019 2706 lege
1039 2631 1243 2706 liipuariorum
1263 2633 1333 2692 ΧΠ
1351 2652 1442 2691 were-

335 2722 456 2800 geldum
486 2720 591 2797 triplex
619 2721 682 2776 looo
712 2719 849 2796 simplicis
875 2719 1081 2796 praescriptum
1103 2730 1153 2778 est¹
1192 2721 1225 2778 si
1247 2723 1377 2780 renditus
1397 2743 1443 2781 re-

339 2812 460 2870 vertitur
489 2811 520 2868 Iu
548 2810 672 2887 patriam
691 2829 786 2873 suam,
805 2809 965 2886 plagiarius
982 2827 1019 2866 ex
1038 2809 1101 2886 lege
1120 2807 1283 2868 Frisiorum
1303 2812 1397 2870 solvat
1415 2814 1443 2869 ei

340 2899 531 2976 weregeldum
562 2900 680 2975 duplex,
710 2908 739 2955 et
768 2899 829 2974 regi
855 2891 969 2955 fredum
1002 2897 1037 2954 12
1064 2899 1239 2965 solidorum
1270 2901 1333 2958 looo
1354 2920 1444 2958 were-

338 2989 418 3064 geldi
448 2987 571 3065 duplicis
600 2987 722 3063 simplex
749 2988 940 3062 weregeldum
967 2988 1146 3064 postulatum
1166 2997 1207 3045 est
1225 2989 1257 3045 iu
1278 2990 1299 3048 l.
1319 2990 1441 3067 RIpuar.

341 3076 420 3140 XII,
449 3075 603 3133 dimidium
634 3084 728 3132 autem
759 3076 789 3133 in
820 3076 841 3134 l.
861 3075 921 3133 Sal.
941 3074 1017 3141 XLI,
1038 3076 1056 3135 3
1075 3077 1134 3148 (ed.
1152 3077 1272 3136 Merkel.
1284 3098 1350 3137 nor.
1366 3079 1443 3152 115).

341 3167 374 3224 in
403 3166 424 3223 l.
456 3165 562 3222 Saxon.
591 3165 631 3228 II,
661 3165 679 3221 7
708 3173 736 3222 et
756 3165 777 3221 1.
798 3164 905 3221 Bainw.
927 3164 1009 3230 VIII,
1029 3164 1055 3223 «l.
1076 3166 1090 3242 ξ
1113 3167 1138 3224 l.
1178 3167 1260 3224 Gonf.
1280 3187 1356 3243 quae
1376 3170 1443 3226 iura

342 3255 447 3314 Frisioa
477 3253 583 3310 saeculi
613 3251 684 3310 XIII
714 3252 746 3310 in
774 3251 929 3309 Friesisebe
958 3253 1089 3330 lleobtsq.
1116 3275 1183 3333 pag.
1210 3254 1258 3320 22.
1278 3256 1306 3314 2.
1335 3256 1385 3319 118.
1413 3258 1442 3316 t.

341 3345 390 3410 70,
423 3342 457 3400 15
487 3343 665 3400 constituunt
694 3342 729 3399 de
760 3342 889 3398 Frisione
919 3342 951 3398 in
971 3344 1096 3419 patriam
1118 3352 1277 3402 revertente
1296 3363 1332 3403 ex
1352 3347 1444 3423 eapti·

341 3435 428 3490 ritate
446 3431 707 3496 Nortmaunorum,
725 3432 777 3507 qui
797 3449 863 3487 eum
882 3430 914 3486 iu
933 3431 1097 3490 servitutem
1117 3442 1273 3492 traxerant.

383 3520 414 3555 ⁵⁴
456 3519 565 3576 llredus
593 3519 744 3576 duodecim
774 3520 932 3576 solidorum
952 3520 1038 3577 etiam
1059 3523 1217 3578 seeundum
1237 3523 1258 3580 l.
1278 3523 1443 3602 Thur-ingo·

337 3629 405 3667 rum
438 3607 503 3671 tlt.
533 3607 552 3664 5
572 3609 610 3665 ab
628 3627 664 3664 eo
682 3608 856 3672 solvebatur,
876 3609 955 3682 »qui
974 3609 1122 3668 homiuem
1144 3611 1269 3669 liberum
1290 3613 1371 3670 infra
1389 3635 1442 3691 pa-

337 3699 425 3756 triam
456 3696 653 3754 vendiderat&
705 3695 741 3753 In
770 3695 861 3752 kriste
889 3697 1024 3754 orientali
1054 3699 1127 3756 fredi
1160 3699 1222 3757 loeo
1250 3702 1444 3778 weregeldum

338 3796 402 3845 erat
430 3787 610 3851 solvendum,
629 3785 705 3862 quod
726 3784 778 3840 illa
796 3785 828 3841 iu
849 3785 964 3861 regione
985 3787 1098 3863 saepius
1117 3789 1226 3845 foetum
1245 3809 1304 3846 ease
1324 3791 1445 3848 demon·

339 3885 431 3935 strant
449 3877 470 3934 1.
489 3874 563 3934 Fris.
582 3875 626 3932 tit.
649 3873 730 3938 VIII,
749 3872 768 3929 2
786 3882 814 3930 et
834 3872 888 3938 IX,
909 3873 1027 3933 tt-lfi.

381 3964 412 3998 ⁵³
454 3963 550 4023 Verba
581 3963 687 4020 »ultra
714 3962 861 4019 Laubaohi
892 3969 966 4022 ete.'’
999 3982 1033 4020 eo
1051 3973 1181 4040 tempore
1198 3966 1303 4042 scripta
1321 3988 1383 4026 esso
1404 3971 1445 4026 vi·

337 4054 456 4117 dentur,
483 4069 541 4127 quo
571 4071 637 4127 pars
667 4051 792 4107 secunda
820 4050 893 4126 legis
924 4051 996 4109 Fris.
1015 4052 1205 4119 condebatur,
1226 4055 1289 4112 side
1308 4059 1446 4134 praefati-

332 4164 420 4202 onem
440 4143 498 4220 leg,
515 4140 589 4201 Fris.
606 4161 636 4219 p.
656 4140 763 4198 XXXII
783 4149 810 4197 et
828 4141 904 4200 oonl.
923 4149 983 4200 not.
1002 4139 1050 4200 51.

381 4231 413 4266 ⁵⁸
455 4232 585 4290 'situlum
615 4230 698 4287 XXII
730 4231 802 4305 legis
832 4230 995 4288 Frisionum
1027 4230 1059 4286 In
1088 4251 1173 4288 usum
1204 4232 1313 4290 Frisiae
1333 4235 1445 4292 mediae

335 4321 476 4397 seriptum
496 4339 567 4385 esse,
585 4322 725 4396 probatur
746 4318 900 4394 »epilogo’'
922 4319 1014 4385 ttrutt.
1033 4321 1106 4378 conf.
1128 4320 1224 4381 xxtt.
1243 4323 1299 4386 9ος
1319 4324 1444 4381 eandem

334 4408 400 4468 slioo
428 4415 544 4482 partem
576 4408 647 4483 legis
677 4407 801 4464 Ilririeae
834 4407 1050 4473 vetustissimae,
1073 4418 1159 4484 atque
1178 4420 1384 4487 argumentum
1404 4422 1443 4470 est
