3144 5460
540 557 611 611 LEX
632 556 840 608 FRISIONUM.
1142 562 1240 608 XXXV

127 797 194 838 cam
230 778 338 840 novica.
353 819 360 837 .
373 819 401 838 ..
437 776 525 842 Haec
561 779 732 841 conscicntia
770 799 805 840 cn
842 779 938 842 edicto
972 783 1051 866 maie
1074 780 1234 864 processit.

129 881 229 944 Prona
268 883 412 949 Loaoaa·
451 885 484 946 in
516 885 648 971 fredam
688 884 791 948 novics
832 895 999 969 componat
1039 884 1232 970 wncyiidnm

124 1009 223 1056 naam.
962 1031 964 1035 ,

216 1090 264 1154 tit.
288 1089 372 1156 XX.
397 1092 437 1157 2:
461 1091 500 1158 Si
523 1096 591 1179 qais
616 1095 768 1158 dominam
791 1095 939 1159 occiderit
960 1104 990 1161 'ci
1014 1095 1227 1170 absconderit,

124 1197 206 1281 qnod
227 1197 412 1261 mordritum
435 1212 559 1277 vocam,
583 1219 690 1263 nocam
712 1198 892 1285 ncrcyildoa
917 1213 1086 1286 componat.

217 1301 265 1364 tit.
297 1299 389 1379 XX,
425 1304 462 1366 1:
495 1303 557 1383 Qni
581 1304 714 1367 obsidam
738 1305 904 1383 occiderit,
926 1307 1030 1370 novica
1056 1311 1123 1370 cim
1146 1325 1227 1369 com-

118 1417 227 1490 ponat.

216 1511 265 1576 tit.
295 1509 423 1590 XVII,
456 1514 495 1578 3:
527 1513 566 1578 Si
597 1515 663 1597 qais
697 1514 829 1599 locatam
861 1517 940 1601 reaia
964 1515 1013 1581 ocl
1036 1516 1122 1578 dacis
1147 1517 1227 1580 occi·

122 1618 221 1694 dorii,
251 1620 354 1684 novics
387 1618 479 1682 iiiam
512 1606 692 1703 componat,
715 1631 743 1684 ct
755 1621 887 1705 fredam
910 1622 1012 1686 novica
1035 1623 1080 1686 ad
1098 1632 1226 1705 partam

121 1722 321 1787 dominicam.

216 1828 264 1892 tit.
296 1826 424 1906 XVII,
458 1830 497 1892 2:
527 1828 591 1909 Qai
613 1831 647 1892 in
671 1842 754 1894 carta
779 1831 884 1908 dacia,
907 1832 942 1894 in
966 1829 1092 1896 ccclesia
1117 1841 1171 1896 ant
1193 1833 1227 1894 in

120 1935 203 1998 atrio
238 1934 381 1999 ccclesiae
415 1935 568 1999 hominem
603 1934 762 2012 occiderit,
794 1937 897 2000 novics
928 1935 1129 2021 warancidam
1161 1938 1224 2002 ains

120 2051 296 2124 componat,
321 2052 348 2103 d
370 2041 471 2105 novica
486 2041 617 2125 fredam
642 2039 827 2126 adponam
851 2040 1047 2105 dominicam.

213 2143 261 2208 tit.
292 2143 425 2223 XVII,
460 2146 496 2208 1:
529 2144 567 2210 Si
594 2145 662 2228 qnia
686 2146 721 2208 in
746 2147 879 2210 coercita
903 2146 988 2210 litam
1011 2147 1222 2214 concitaverit,
1292 2227 1294 2232 Ι

119 2249 221 2314 novies
253 2251 401 2313 domnam
434 2251 517 2334 qaod
541 2250 637 2334 affecit
659 2269 838 2335 componere
861 2262 1002 2336 coyntae,
1027 2264 1055 2316 ct
1079 2253 1123 2314 ad
1140 2271 1223 2336 pan

119 2365 179 2418 tom
203 2355 390 2418 dominicam
413 2356 515 2420 novica
531 2355 661 2440 fredam
679 2355 848 2440 persolvat.

213 2458 313 2545 [Adi
344 2457 380 2535 Ι,
413 2461 444 2524 2.
475 2461 514 2524 3:
552 2459 657 2524 Homo
679 2461 828 2540 faidosus
846 2483 960 2546 pacem
982 2461 1094 2525 habeat
1115 2462 1150 2524 in
1174 2481 1221 2525 cc·

119 2563 230 2641 ciceia,
261 2567 295 2628 in
327 2567 417 2629 domo
448 2587 525 2644 ena,
556 2566 600 2629 ad
629 2565 786 2631 eccleciam
819 2567 934 2645 cando,
958 2568 997 2632 dc
1021 2565 1148 2632 ccclesia
1170 2587 1221 2631 rc·

118 2671 258 2747 donndo,
283 2671 327 2733 ad
349 2669 499 2756 placitam
523 2672 639 2748 cando,
663 2672 701 2736 dc
719 2671 841 2754 placito
865 2671 1040 2749 ncdcnndo;
1065 2672 1120 2754 qai
1141 2672 1221 2736 nanc

112 2797 226 2860 pacem
257 2776 425 2859 cffncycric,
458 2787 486 2839 ct
516 2775 667 2840 hominem
697 2777 863 2852 occiderit,
893 2777 996 2840 novica
1028 2776 1073 2840 30
1104 2776 1220 2840 solidos

117 2890 279 2964 componat
286 2901 300 2956 ,·
333 2881 362 2941 ei
393 2879 616 2956 vulneraverit,
648 2880 751 2944 nonies
786 2879 828 2944 12
852 2879 971 2945 solidos
995 2893 1155 2966 coraponat
1178 2881 1222 2945 ad

111 2993 237 3070 partam
259 2984 364 3070 raaia]

164 3190 287 3259 Omnes
318 3193 353 3258 hi
378 3192 458 3273 loci,
482 3196 539 3281 qui
564 3205 811 3261 commemorant
835 3193 1051 3282 weregeldum
1076 3198 1130 3262 vel
1152 3183 1216 3262 fre-

117 3297 194 3363 dum
234 3299 344 3365 novies
384 3309 565 3385 sumptum,
604 3299 766 3386 pertinent
808 3299 849 3364 ad
889 3299 1026 3365 Frisiam
1062 3300 1216 3380 mediam3

116 3415 253 3470 testante
284 3414 393 3469 autem
420 3404 515 3470 titulo
539 3403 610 3470 VH
632 3405 666 3469 in
690 3403 796 3470 Frisia
820 3405 916 3469 etiam
940 3404 1085 3473 orientali
1101 3410 1216 3495 fredos

114 3512 218 3575 nonies
258 3519 405 3594 sumptus
443 3510 524 3573 iuris
559 3515 640 3574 erat.
688 3508 728 3573 In
768 3510 864 3574 titulo
904 3507 993 3590 VH,
1030 3515 1217 3599 compositio

115 3615 226 3681 novies
257 3613 429 3692 sumenda,
459 3615 525 3702 legi
552 3615 790 3702 antiquissimae
814 3613 998 3682 Frisionnm
1021 3618 1142 3698 aliena,
1166 3620 1215 3686 in·

114 3719 265 3786 troduota
295 3729 365 3785 arat
404 3719 509 3786 edicto
551 3719 691 3807 quodam
721 3721 850 3807 speciali
881 3723 967 3810 regis
994 3722 1214 3807 Francorum,

114 3822 224 3892 addita
251 3826 336 3891 enim
365 3835 439 3891 sunt
468 3825 510 3890 ad
538 3827 671 3892 titulum
694 3825 766 3891 VII
789 3827 905 3892 verbat
929 3828 1019 3894 Haec
1042 3831 1213 3894 conscicntia

114 3955 150 3998 aa
180 3932 277 3998 edicto
308 3934 390 4018 raaia
408 3934 568 4017 processit.
617 3928 759 3997 Credere
783 3932 879 3998 velim
904 3954 977 3996 cum
1001 3934 1071 3998 viro
1096 3932 1213 3999 doctis-

114 4037 192 4102 simo
228 4034 360 4115 wilda,
393 4034 575 4102 Strafreeht
609 4033 668 4103 der
703 4034 889 4103 Germanen
925 4061 955 4124 p.
994 4037 1080 4115 458,
1108 4041 1214 4106 omnIa

113 4141 293 4230 weregelda
324 4141 377 4207 vel
407 4139 499 4207 freda
530 4142 640 4206 novies
672 4140 843 4220 sumenda,
869 4164 952 4228 quae
981 4157 1155 4212 occurrunt
1178 4146 1212 4210 in

112 4247 192 4336 legis
223 4245 406 4314 Frisionum
437 4246 515 4314 locis
546 4246 701 4325 laudatis,
732 4246 766 4312 in
797 4245 903 4312 Frisia
935 4269 1003 4312 asse
1030 4248 1214 4318 introducta

113 4352 217 4418 edicto
241 4352 296 4420 iilo
330 4353 417 4439 quod
450 4353 544 4418 titulo
577 4351 649 4419 VII
673 4353 753 4440 legis
778 4353 928 4418 nominat.
976 4352 1092 4441 Neque
1118 4357 1213 4422 dubi-
