3144 5460
758 549 828 602 LEX
851 547 1054 602 ultimorum.

779 755 912 826 TIT.
961 757 1060 822 1120.

799 989 977 1036 aoaaasru
996 975 1037 1033 2¹.

916 1195 939 1244 1.

418 1287 455 1356 Si
486 1288 601 1354 nobilis
630 1287 767 1354 nobilem
804 1309 861 1374 per
896 1283 1064 1372 ingenium
1097 1281 1158 1348 alio
1181 1283 1301 1348 homini
1326 1281 1372 1348 ad
1401 1281 1484 1347 occi·

373 1395 515 1463 dandum
525 1401 556 1444 22
582 1394 766 1482 exposuerit
775 1395 819 1471 ²³,
844 1408 877 1458 et
900 1393 927 1457 is
952 1393 1008 1477 qui
1025 1413 1098 1456 eum
1115 1390 1230 1456 occidit
1246 1390 1353 1476 patria
1371 1389 1484 1454 relicta

373 1502 572 1588 profugerit,
598 1501 652 1584 qui
680 1522 753 1564 eum
771 1498 920 1584 exposuit
936 1498 1061 1562 tertiam
1078 1507 1200 1582 partem
1218 1495 1321 1560 leudis
1335 1501 1371 1544 2⁴
1400 1518 1483 1558 com·

371 1618 480 1695 ponat.

912 1725 947 1772 li.

420 1814 456 1882 Si
481 1837 557 1882 vcro
583 1813 743 1882 homicida
767 1838 830 1880 non
856 1815 995 1902 fugerit,
1020 1813 1098 1879 nihil
1123 1813 1243 1891 solvat,
1272 1812 1328 1877 sed
1354 1823 1481 1878 tantum

374 1924 553 1988 inimicitias
571 1928 602 1970 2⁵
639 1924 893 2010 propinquorum
932 1921 1069 1986 hominis
1100 1920 1194 1984 occisi
1230 1919 1396 2005 patiatur,
1428 1919 1482 1981 do·

374 2053 433 2094 nec
458 2029 619 2114 quomodo
643 2029 785 2114 potuerit
809 2050 921 2092 eorum
945 2026 1115 2090 amicitiam
1140 2024 1345 2111 adipiscatur.

901 2152 950 2196 111.

425 2235 461 2302 δί
486 2248 593 2304 autem
613 2233 674 2302 hoc
691 2236 803 2302 fecisse
819 2235 949 2316 dicitur,
966 2249 998 2302 et
1026 2236 1204 2323 negaverit,
1227 2259 1302 2300 curn
1326 2237 1435 2303 tribus
1452 2239 1479 2284 2⁶

376 2344 656 2411 sacramentalibus
680 2344 774 2420 iuret,
799 2344 825 2407 si
842 2342 896 2408 ille
914 2344 969 2427 qui
985 2342 1145 2406 hominem
1162 2341 1278 2406 occidit
1294 2343 1480 2430 profugium

375 2451 463 2525 fecit3
504 2450 551 2512 sin
577 2471 653 2513 vero
677 2447 838 2512 homicida
861 2447 944 2512 infra
968 2447 1102 2534 patriam
1127 2459 1193 2524 est,
1217 2447 1383 2532 expositor
1407 2444 1479 2510 nihii

377 2557 479 2631 iuret,
512 2553 568 2617 sed
593 2564 718 2617 tantum
742 2554 922 2619 inimicitias
946 2553 1202 2638 propinquorum
1226 2552 1321 2616 occisi
1345 2553 1479 2618 hominis

377 2661 536 2748 patiatur,
560 2659 662 2726 donec
686 2682 760 2725 cum
784 2659 830 2724 eis
856 2682 987 2745 quoquo
1012 2660 1107 2725 modo
1131 2659 1272 2746 potuerit
1295 2659 1478 2747 ingratiam
1535 2723 1536 2732 χ

377 2779 570 2834 revertatur.

909 2887 956 2935 IV.

426 2975 462 3042 δί
487 2975 602 3040 nobilis
635 2973 772 3040 liberum
804 2975 964 3040 hominem
988 2976 1173 3062 exposuisse
1197 2976 1332 3054 dicitur,
1355 2976 1480 3040 tertiam

381 3091 505 3168 partem
541 3078 645 3145 leudis
677 3079 746 3144 eius
770 3091 957 3167 componat,
994 3081 1020 3144 si
1044 3091 1135 3145 extra
1158 3083 1294 3167 patriam
1317 3080 1406 3168 fugit
1430 3075 1480 3163 qui

381 3186 542 3253 hominem
578 3185 711 3271 occidit,
747 3187 772 3252 si
797 3209 874 3252 vero
897 3186 981 3250 infra
1005 3187 1140 3271 patriam
1165 3197 1229 3262 est,
1259 3187 1338 3252 nihil
1363 3187 1479 3256 solvat;

382 3291 469 3379 quod
502 3294 528 3358 si
559 3294 742 3381 negaverit,
779 3292 922 3358 similiter
951 3292 1035 3356 sicut
1060 3291 1099 3356 de
1131 3292 1229 3357 nobili
1253 3301 1480 3358 sacramentum

380 3400 481 3474 iuret,
510 3400 605 3462 tertia
629 3398 816 3464 sacramenti
840 3398 987 3484 portione
1011 3397 1160 3483 adempte
1184 3409 1317 3484 propter
1340 3398 1479 3463 viliorem

381 3523 551 3590 personam
575 3503 667 3568 liberi
693 3502 828 3567 hominis
847 3506 888 3566 ²⁷.

916 3625 950 3672 V.

430 3709 467 3778 Si
499 3711 540 3776 de
573 3709 631 3777 lito
663 3707 747 3776 idem
780 3709 885 3777 scelus
909 3713 938 3778 ei
962 3713 1157 3798 imputetur,
1191 3723 1223 3777 et
1246 3712 1408 3778 homicida
1431 3709 1480 3773 de·

382 3817 502 3897 fuerit,
552 3829 589 3882 ut
637 3820 785 3905 superius
834 3817 874 3882 de
914 3817 1014 3882 libero
1054 3827 1287 3883 sacramentum
1326 3818 1479 3905 perficiat,

382 3923 533 4008 adempta
556 3923 656 4008 ipsius
681 3925 869 3988 sacramenti
887 3922 1017 3989 dimidia
1033 3924 1199 4009 portione;
1216 3923 1344 3988 solvens
1360 3925 1480 3990 tertiam

383 4029 561 4115 portionem
592 4028 697 4094 leudis
729 4030 814 4106 eius,
848 4031 874 4094 si
906 4051 1025 4118 negare
1059 4051 1122 4094 non
1156 4029 1313 4115 potuerit3
1346 4041 1381 4095 et
1411 4030 1436 4093 si
1457 4025 1479 4088 is

385 4135 441 4219 qui
465 4156 538 4197 eum
563 4133 679 4198 occidit
694 4133 782 4199 infra
793 4135 928 4221 patriam
946 4134 1054 4212 fuerit,
1071 4135 1154 4199 sicut
1170 4135 1318 4220 superius
1338 4135 1480 4207 diximus,

383 4240 548 4324 expositor
580 4261 639 4304 nec
670 4241 772 4319 iuret,
805 4263 864 4305 nec
895 4240 1022 4305 leudem
1059 4237 1180 4318 solvat,
1216 4238 1272 4305 sed
1307 4239 1480 4306 inimicitias

385 4344 642 4432 propinquorum
667 4345 762 4409 occisi
786 4346 937 4431 patiatur,
961 4345 1063 4410 donec
1084 4368 1117 4410 se
1139 4368 1214 4411 cum
1232 4347 1276 4410 eis
1293 4345 1480 4412 reconciliet.
