3158 5464
343 573 385 638 eo
554 573 649 636 Aen.
670 571 751 636 sn».
793 570 822 634 r
845 588 858 632 1
879 587 910 637 e.
932 571 996 636 nr.
1042 553 1141 656 ees,
1162 551 1215 636 ee.

343 775 424 826 mant
450 785 525 844 quae
552 765 638 824 modo
657 766 786 843 exposui,
806 783 900 840 neque
919 765 1014 823 dicere
1034 763 1134 821 volunt
1157 761 1229 843 1063
1249 763 1353 822 solidos
1373 774 1445 824 tem·

341 875 421 931 pore,
450 873 507 930 quo
541 853 652 911 Additio
681 853 751 930 legis
771 852 959 920 condebatur,
979 852 1104 910 hominis
1124 851 1229 910 nobilis
1249 855 1443 930 weregeldum

341 945 455 1009 lecisse3
487 943 551 1000 ride
581 944 672 1019 praef.
701 942 773 1018 legis
804 941 876 1001 Fris.
906 961 936 1018 p.
956 941 1070 1012 XLsin
1089 959 1148 1016 qua
1168 949 1297 999 notatum
1318 953 1371 1009 est,
1391 945 1444 1001 ho·

342 1032 429 1091 minis
455 1032 540 1090 occisi
567 1031 759 1107 weregeldum
788 1031 911 1108 simplex
940 1031 972 1087 iu
1002 1030 1064 1106 lege
1091 1029 1254 1088 Prisianum
1274 1041 1444 1092 reteresta·

343 1130 449 1187 tutum,
469 1130 595 1197 tempore
614 1120 775 1178 Additionis
793 1123 957 1196 sapientum
978 1129 1021 1177 ter
1039 1119 1164 1176 solutum
1183 1139 1252 1179 esse.

384 1213 397 1248 ⁹
439 1210 535 1270 Verba
562 1212 706 1269 &militer
734 1213 817 1267 inter
837 1209 997 1268 Wiserom
1014 1219 1042 1267 et
1060 1209 1219 1267 Loerbaolri
1236 1230 1271 1267 ex
1291 1231 1356 1269 mes
1375 1215 1443 1289 qui-

339 1301 405 1358 dem
435 1302 669 1376 interpretatione
698 1299 846 1364 sanciunt,
876 1307 908 1356 ut
927 1301 969 1355 iu
999 1297 1092 1356 Frisia
1120 1299 1256 1356 orientali
1286 1301 1332 1358 Ius
1362 1301 1441 1358 idem

202 1432 205 1437 Α
273 1462 276 1468 ¹
340 1390 443 1455 valeat,
474 1390 551 1465 quod
581 1389 613 1446 ia
636 1389 730 1446 verbis
749 1389 983 1447 antecedentibus
1002 1389 1038 1445 de
1057 1385 1172 1445 mulctis
1191 1385 1347 1446 vulnerum
1366 1409 1442 1467 quae

341 1478 398 1538 sint
418 1477 562 1536 metienda
581 1477 612 1534 iu
633 1497 717 1534 nsum
732 1477 845 1534 Frisiae
864 1477 1047 1534 occidentalis
1064 1477 1223 1552 expositum
1243 1487 1294 1536 est.

383 1567 412 1602 ¹⁰
457 1565 552 1625 Verba
580 1569 724 1623 similiter
751 1587 876 1624 mamam
895 1585 931 1623 aa
943 1567 1052 1640 pedem
1071 1567 1108 1622 ob
1128 1567 1297 1623 brevitatem
1317 1561 1441 1624 obscura

337 1663 415 1714 sunt.
455 1653 589 1730 Capitale
620 1654 709 1713 1-10
737 1654 813 1711 tituli
833 1654 862 1712 II
883 1654 1054 1719 Additionis,
1074 1662 1102 1710 et
1121 1654 1248 1729 capitula
1270 1653 1341 1710 l-7
1362 1655 1441 1713 tituli

336 1744 399 1802 IIIa
419 1743 589 1814 Additionis,
615 1762 719 1801 manus
739 1762 772 1800 ac
791 1743 871 1818 pedis
892 1743 1015 1800 mulctes
1034 1742 1200 1807 emendant,
1220 1763 1292 1818 quas
1311 1746 1439 1820 capitula

336 1831 449 1892 27-44
478 1839 506 1888 et
533 1830 644 1889 60-63
676 1832 754 1890 tituli
781 1831 865 1889 XXII
897 1830 970 1908 legis
999 1830 1073 1890 Fris.
1093 1832 1318 1896 consummante
1338 1835 1440 1890 ornnia

336 1931 432 1981 nutem
463 1922 508 1978 his
531 1920 563 1978 iu
582 1921 657 1978 loeis·
671 1929 775 1978 statuta
795 1921 832 1976 ad
852 1921 941 1977 solam
962 1920 1082 1998 Frisium
1103 1921 1229 1978 mediam
1249 1921 1325 1978 inter
1345 1919 1392 1978 Fli
1411 1931 1439 1978 et

335 2009 486 2068 Loubachi
515 2009 600 2065 sitam
630 2010 793 2084 pertinent3
819 2010 900 2066 hanc
928 2010 967 2066 ob
995 2008 1217 2066 remconiicere
1236 2008 1331 2073 liceat.
1350 2009 1438 2066 verba

335 2101 481 2157 etmiliter
499 2117 625 2155 moretm
643 2117 680 2154 aa
693 2099 803 2172 pedem
822 2098 928 2163 dicere,
947 2097 978 2153 in
999 2095 1093 2154 Frisia
1111 2096 1280 2154 occidentali
1300 2105 1327 2154 et
1341 2099 1438 2155 orien-

334 2188 387 2245 tali
417 2187 463 2244 ius
482 2205 541 2244 esse
561 2186 761 2247 adhibendum
779 2189 810 2242 in
831 2185 964 2262 capitulis
984 2185 1076 2243 citatis
1096 2185 1131 2242 de
1150 2186 1223 2264 pede
1242 2205 1276 2243 ac
1294 2206 1386 2244 manu
1406 2188 1437 2245 in

334 2295 419 2333 usum
447 2274 556 2332 Frisiae
584 2275 697 2333 mediae
718 2268 890 2342 'conditume
922 2293 975 2333 nec
1005 2284 1101 2332 tamen
1122 2277 1339 2340 affirmarem,
1358 2277 1440 2334 huno

334 2367 487 2422 verborum
506 2364 691 2422 laudatorum
712 2384 827 2422 sensum
847 2374 957 2422 certum
976 2383 1010 2420 ac
1030 2364 1185 2421 definitum
1205 2384 1274 2423 esse.

376 2453 406 2487 ¹¹
448 2455 585 2531 (lapitnla
614 2453 724 2513 59-75
754 2455 792 2511 ad
820 2453 942 2511 Frisium
961 2453 1165 2511 occidentalem
1186 2454 1336 2511 referenda
1357 2463 1439 2520 sunt,

332 2543 445 2601 duabus
464 2544 539 2600 notis
559 2537 694 2620 exceptis,
712 2563 786 2619 quae
806 2543 999 2619 capitulorum
1020 2541 1058 2601 68
1078 2551 1106 2600 et
1125 2543 1163 2601 73
1182 2542 1277 2600 serbis
1292 2543 1439 2621 supremis

330 2632 476 2695 adiectae.
495 2631 532 2687 ad
552 2631 674 2688 Frisium
693 2631 861 2690 orientalem
880 2633 1035 2707 pertinent.
1113 2655 1117 2662 ·
1156 2621 1159 2628 ’

375 2721 404 2756 ²²
447 2719 513 2778 Iler.
533 2721 659 2778 iuditio.

374 2810 404 2846 ¹³
447 2809 558 2868 Nomen
589 2807 749 2867 Saxmundi
779 2809 863 2865 nobIs
892 2807 1016 2864 occurrit
1044 2807 1111 2864 solIs
1141 2807 1173 2864 in
1212 2807 1324 2868 verbis:
1362 2811 1441 2868 haee

330 2900 451 2956 iudicia
483 2896 682 2956 Sumendae
713 2898 855 2962 dietavit,
889 2905 974 2972 atquo
1005 2897 1038 2953 in
1067 2895 1259 2977 inscriptione¹
1283 2897 1361 2954 tituli
1395 2887 1436 2956 VI

329 2987 508 3052 Additionist
529 2987 580 3062 qui
599 2986 653 3042 loci
673 2986 811 3062 probant,
831 2985 1035 3056 Suxmundum
1055 2984 1196 3061 quaedam
1217 3005 1234 3040 n
1246 2985 1354 3042 indicia
1373 2987 1436 3043 dic·

330 3075 450 3134 tarisse’'
479 3074 515 3131 de
541 3075 605 3132 iure
626 3074 805 3139 Frisiorum,
824 3092 899 3150 quae
918 3073 1029 3131 adiecta
1047 3083 1116 3131 sunt
1134 3073 1192 3150 legi
1212 3072 1387 3140 Frisiorum,
1407 3085 1437 3134 et

327 3172 441 3243 partem
471 3164 581 3221 faciunt
611 3162 800 3219 additamenti
828 3161 898 3238 legis
926 3162 1064 3227 Frisicae.
1089 3162 1169 3240 quod
1198 3163 1370 3240 inscriptum
1391 3173 1436 3222 est

327 3254 465 3314 Addicto
499 3254 678 3328 sapientem.
730 3251 768 3308 ln
796 3250 972 3327 praefatione
1001 3251 1023 3310 l.
1053 3251 1126 3310 Fris.
1157 3271 1188 3329 p.
1208 3251 1291 3309 XLII
1312 3255 1434 3330 exposui

287 3413 290 3420 Ι
327 3343 538 3402 »Additionem
565 3341 749 3420 sapientum”
781 3349 909 3418 tempore
939 3339 1041 3398 Karoli
1071 3340 1168 3415 Magni
1196 3342 1332 3418 scriptam
1361 3363 1437 3409 esse.

326 3443 413 3508 atque
440 3432 549 3489 ibidem
584 3451 613 3507 p.
633 3429 711 3490 XLV
730 3429 849 3495 conieci,
867 3430 1069 3488 Wulemarum
1088 3439 1116 3488 et
1136 3430 1339 3489 Saxmundum
1360 3451 1435 3489 »sa-

319 3510 454 3598 pientes’⁵
473 3532 563 3576 'anno
593 3517 651 3576 802
682 3519 857 3596 Aquisgrani
878 3527 1000 3576 versatos
1019 3517 1157 3576 fuissein
1178 3535 1298 3576 numero
1319 3521 1435 3586 eorum,

324 3627 396 3685 quos
426 3607 545 3664 annales
573 3606 830 3664 Laureshamenses
857 3607 1033 3683 legislatores
1056 3617 1166 3664 uocant.
1205 3607 1271 3665 Non
1290 3618 1331 3665 est
1352 3610 1434 3684 quod

324 3699 378 3755 hoc
407 3696 470 3752 loco
501 3695 821 3772 argumentisrefutem
839 3695 1005 3773 opinionem
1027 3695 1143 3754 lleroldi
1163 3701 1191 3752 et
1210 3696 1342 3754 Montani
1363 3698 1432 3755 Het-

324 3796 411 3851 tema,
442 3805 567 3862 quorum
598 3786 649 3847 ille
680 3785 882 3844 Saxmundum
913 3785 1026 3842 saeculo
1056 3793 1145 3849 sexto,
1163 3785 1210 3841 hio
1230 3805 1297 3843 sero
1317 3788 1432 3844 saeculo

323 3876 395 3935 XIII
412 3875 575 3951 adscripsit,
594 3875 658 3933 ride
677 3874 769 3951 praef.
790 3894 820 3950 p.
839 3873 905 3931 XIX
925 3883 986 3931 not.
1006 3873 1053 3931 211.

366 3963 395 3999 ¹⁴
437 3962 473 4021 In
503 3982 566 4039 cap.
596 3962 634 4021 46
664 3962 708 4020 tit.
739 3961 822 4019 XXII
851 3961 922 4038 legis
949 3961 1021 4019 Fris.
1042 3961 1229 4019 constitutum
1249 3971 1303 4028 est,
1322 3973 1353 4020 ut
1376 3968 1431 4022 »si

322 4053 388 4130 quis
416 4060 507 4110 totu-m
526 4051 645 4109 oculum
664 4051 783 4117 eruerit,
804 4051 984 4108 medietatem
1006 4050 1151 4128 weregildi
1171 4051 1216 4106 sui
1236 4059 1432 4129 componat”;

321 4142 399 4218 quod
426 4141 458 4199 in
487 4159 550 4216 cap.
573 4140 610 4197 ¹17
630 4149 659 4196 et
678 4139 717 4198 48
737 4141 780 4198 tit.
802 4139 847 4197 111
865 4139 938 4197 tud.
965 4139 1095 4215 Sopita
1116 4140 1301 4198 emendatum
1321 4152 1381 4209 este
1402 4147 1432 4200 si

321 4234 389 4307 quis
419 4233 536 4287 oculum
564 4233 741 4294 excreseeret,
773 4238 819 4286 ter
849 4227 887 4286 40
906 4229 1017 4300 solidos
1036 4237 1214 4303 conponam
1233 4232 1262 4286 si
1281 4251 1339 4288 aon
1360 4252 1429 4290 eou-

321 4322 384 4378 lum
414 4307 579 4376 excusserit
608 4321 662 4376 sed
684 4322 832 4394 pupillos.
866 4326 912 4374 ter
940 4317 978 4376 20
1008 4321 1060 4375 sol.
1081 4338 1175 4392 comp.
1215 4317 1344 4394 Quorum
1364 4339 1429 4376 rer-

319 4412 423 4475 horum
453 4408 628 4465 testimonio·
645 4407 831 4465 Wulemarus
865 4407 925 4462 loco
956 4407 1105 4484 weregeldi
1137 4407 1263 4472 dimidii,
1293 4407 1371 4485 quod
1391 4428 1427 4468 ex
