3158 5464
312 539 356 606 52
593 537 623 604 ’l’
646 557 658 602 1
680 554 711 602 n.
734 532 792 602 Vl.
834 537 849 618 ξ
873 529 963 598 1-Τ
985 553 997 598 ι
1019 553 1050 599 r.
1074 529 1171 603 Vlll.

365 731 397 770 ll
439 733 522 792 conl.
551 729 660 790 Ilecret.
690 728 844 789 'l'assilorris
871 747 895 786 o.
919 729 969 787 102
993 732 1021 787 si
1040 749 1143 788 seruata
1162 732 1321 787 mulierem
1340 730 1425 787 nodi-

323 821 382 880 lem
409 825 558 897 acceperit
587 824 621 879 in
655 823 850 896 emriuqiom.
880 827 908 875 et
939 837 995 876 non
1009 821 1290 894 pmeacioit....ut
1309 821 1426 876 itemm

323 913 421 968 libero
447 914 509 976 ait.
538 919 565 968 ct
594 911 735 968 dimittat
762 927 881 965 seruum
911 916 975 973 utcu
1006 917 1034 964 ct
1054 907 1145 984 Capit.
1166 927 1192 966 ιι.
1212 905 1279 965 757.
1300 924 1325 965 o.
1346 908 1375 964 72
1395 909 1427 964 si

326 997 466 1057 mucore
485 1002 569 1058 horno
586 999 736 1072 occeperit
755 999 931 1062 mediarem,
952 1005 979 1053 et
998 1005 1101 1070 sperat
1118 997 1200 1070 quod
1219 999 1351 1072 inpmua
1370 999 1426 1061 stt,

325 1097 356 1146 et
378 1097 484 1164 postca
513 1090 628 1145 inuenit
646 1088 725 1160 quod
752 1105 808 1142 nou
828 1093 870 1141 est
889 1087 1037 1161 inqemru.
1054 1085 1197 1142 dimittat
1214 1104 1279 1142 eum
1299 1088 1329 1141 ai
1347 1087 1426 1148 molt.

324 1187 357 1236 et
380 1181 518 1252 occipiat
545 1179 666 1242 ulium
687 1177 832 1231 similiter
853 1182 881 1230 et
891 1177 1012 1249 semina
1034 1177 1176 1248 ingenoco.
1214 1171 1292 1232 llon.
1313 1173 1427 1232 c.1.1..

369 1287 400 1390 ll
442 1353 572 1412 'situlum
602 1349 658 1411 Vll
687 1351 724 1408 ad
744 1349 866 1408 Frisium
886 1349 1010 1407 mediam
1031 1349 1192 1426 pertinere.
1210 1351 1299 1408 rerba
1318 1351 1427 1408 coufir-

329 1451 410 1502 tnant
438 1445 468 1500 in
490 1443 549 1502 fine
569 1441 687 1519 capituli
707 1440 824 1498 secundi
844 1439 972 1504 adiecta,
991 1458 1065 1516 quae
1085 1439 1128 1496 ius
1148 1437 1256 1497 ttrisise
1275 1441 1427 1497 orientalis

327 1534 482 1591 illustrant.
521 1530 687 1606 Capitulum
717 1528 846 1604 primum
868 1527 945 1585 tituli
964 1527 1020 1587 Vll
1040 1527 1256 1604 antiquissimae
1275 1529 1332 1606 lugi
1351 1527 1429 1590 Fris.

325 1621 533 1683 adnumerum.
551 1619 617 1677 ride
638 1627 696 1674 not.
716 1616 763 1675 72.

367 1709 398 1745 '¹
442 1708 486 1766 120
515 1709 624 1765 bound.
664 1705 769 1763 Forma
799 1706 873 1762 vocis
907 1706 1009 1762 bound
1026 1705 1189 1781 (incensio),
1208 1725 1266 1782 qua
1284 1708 1331 1764 lex
1350 1706 1427 1765 Fris.

326 1798 438 1862 utitur.
469 1795 552 1854 nobis
583 1796 708 1854 occurrit
738 1795 770 1851 in
790 1793 956 1870 regionibus
975 1793 1085 1852 Frisiae
1111 1794 1296 1874 occidentalis
1323 1797 1428 1853 veteris

326 1887 441 1944 saeculo
459 1885 571 1942 decimo
590 1886 674 1942 tertio
692 1883 772 1960 (ride
790 1883 822 1942 iu
842 1882 913 1958 dipl.
933 1882 985 1941 lat.
1004 1882 1099 1960 script.
1121 1883 1279 1941 Zealandic.
1300 1904 1327 1942 a.
1350 1883 1428 1942 1256

326 1978 557 2040 terebrantem.
588 1972 687 2032 Mieris
719 1973 743 2032 l.
763 1995 794 2050 p.
814 1969 890 2036 304.
909 1981 938 2029 et
956 1973 1096 2044 brantio
1115 1971 1197 2030 lllelis
1216 1973 1306 2031 Stolre
1326 1973 1377 2032 IX.
1397 1993 1428 2032 r.

327 2063 394 2134 354.
423 2062 504 2140 362J3
538 2062 568 2119 in
598 2062 683 2120 libris
703 2062 775 2118 iuris
796 2060 906 2130 tristes,
922 2060 1069 2118 orientalis
1088 2061 1225 2138 scriptum
1246 2072 1288 2119 est
1306 2065 1407 2121 broud
1418 2103 1428 2130 ‚

326 2153 357 2209 iu
376 2150 444 2208 libr.
464 2152 522 2208 iur.
541 2148 614 2208 Fris.
634 2149 744 2207 mediae
763 2149 865 2206 brand
872 2186 880 2213 .
898 2148 934 2206 cf.
957 2149 1048 2206 Fries.
1065 2148 1133 2206 Wb.
1156 2169 1186 2226 p.
1207 2149 1283 2215 670,
1301 2153 1334 2208 iu
1353 2153 1426 2210 dial.

325 2239 479 2318 Anglosax.
498 2239 608 2304 ὂναιιά,
626 2237 734 2296 lsland.
753 2238 884 2301 drundr.
902 2237 989 2296 theot.
1006 2256 1102 2314 super.
1123 2247 1178 2296 ret.
1195 2249 1303 2313 prout,
1323 2243 1428 2300 orant.

368 2326 400 2363 '²
442 2327 503 2404 Cap
530 2326 614 2387 tut.
635 2326 692 2386 tlt
711 2327 748 2384 ad
768 2326 890 2383 Frisium
910 2327 1035 2384 mediam
1055 2334 1083 2383 et
1101 2327 1271 2385 orientalem
1291 2332 1428 2405 pertinet,

326 2426 354 2474 et
383 2415 497 2473 credam
516 2414 565 2472 ¹ad
593 2415 753 2492 capitulum
784 2414 911 2490 primum
943 2415 1075 2472 additum
1095 2433 1154 2471 esse
1173 2434 1250 2472 auno
1270 2417 1347 2482 785.
1366 2438 1428 2494 quo

327 2504 419 2562 llrisia
447 2502 596 2560 orientalis
623 2520 713 2578 reguo
745 2500 925 2558 Francorum
945 2503 1071 2559 subiecta
1090 2510 1141 2560 est.
1180 2502 1344 2580 Capitulum
1364 2509 1427 2583 pri·

327 2611 408 2650 mum
437 2590 594 2669 generatim
623 2590 754 2666 loquitur
785 2589 820 2645 dc
851 2590 985 2647 incendio
1005 2589 1127 2655 domus,
1145 2591 1303 2668 capitulum
1323 2614 1427 2652 secuu-

324 2683 397 2740 dum
417 2681 539 2758 explicat
557 2679 702 2757 quomodo
720 2677 916 2736 incendiarius
935 2680 971 2738 sit
991 2679 1167 2744 tractandus,
1186 2682 1237 2755 qui
1256 2702 1289 2740 eo
1306 2684 1428 2741 consitio

323 2772 405 2850 ignes
432 2769 518 2827 domo
536 2769 679 2835 intulerit,
700 2777 730 2825 ut
756 2787 944 2844 possessorem
964 2768 1093 2826 eiusdem
1113 2769 1168 2825 hac
1186 2772 1332 2846 occasione
1351 2773 1428 2830 occi·

327 2861 428 2922 deret.
456 2859 532 2917 conf.
564 2857 663 2915 Wilda
692 2877 722 2933 p.
746 2856 810 2915 104.
831 2855 897 2916 947.
937 2857 980 2915 Itx
1001 2857 1063 2915 iura
1083 2858 1202 2934 capituli
1219 2861 1329 2934 primi,
1346 2861 1428 2936 quod

326 2951 372 3006 ius
392 2945 499 3005 llrisiao
518 2946 751 3021 antiquissimum
771 2965 923 3010 censeam.
955 2945 1152 3004 incendiarius
1171 2947 1337 3024 »quicquid
1357 2969 1428 3007 con-

327 3044 487 3095 crematum
516 3043 556 3092 est
587 3034 619 3089 in
647 3033 738 3110 duplo
766 3029 951 3111 componat’t.
969 3053 1003 3092 ac
1023 3035 1182 3092 testimonio
1201 3037 1278 3093 tituli
1299 3037 1428 3098 Vosiua

328 3122 530 3201 compositione
559 3120 648 3178 occidi
678 3128 802 3198 potest”‚
830 3123 854 3179 si
881 3123 995 3199 inipso
1014 3123 1121 3180 scelere
1140 3126 1361 3201 comprehensus
1381 3129 1428 3188 sit.

328 3212 492 3291 Capitulum
520 3210 677 3267 secundum
709 3212 868 3268 accuratius
888 3210 1055 3288 distinguit.
1075 3231 1132 3288 quo
1151 3213 1248 3269 animo
1267 3213 1370 3272 domu's
1390 3219 1428 3274 sit

328 3305 466 3369 incensa,
482 3318 516 3358 ac
546 3299 625 3356 iubet
648 3298 859 3357 incendiarium
880 3300 1006 3357 »novies
1026 3306 1227 3377 componera”‚
1245 3305 1297 3376 qui
1316 3305 1428 3364 crimen

325 3413 361 3451 eo
389 3389 508 3448 consilio
527 3386 688 3455 commisit,
708 3398 739 3446 ut
762 3390 817 3446 hac
836 3388 981 3446 occasione
1000 3409 1187 3466 possessorem
1207 3390 1308 3448 domus
1327 3393 1429 3451 incen-

325 3500 377 3540 saa
405 3477 553 3535 occideret.
602 3476 651 3534 Ius
671 3476 788 3552 capituli
821 3477 939 3536 secundi
967 3478 1133 3535 recentioris
1151 3497 1210 3535 esse
1229 3481 1349 3556 originis
1367 3483 1428 3540 clu

328 3589 394 3627 rum
414 3574 467 3630 est,
485 3563 563 3638 quod
582 3564 758 3622 confirmant
777 3566 902 3641 capitulo
921 3566 1031 3623 adiecta
1052 3569 1148 3625 rerbar
1170 3569 1242 3624 liaeo
1253 3573 1429 3628 constitutio

330 3679 368 3717 eso
396 3655 492 3713 edicto
510 3654 593 3728 regis
607 3655 757 3726 prooesait
766 3673 779 3720 ,·
799 3673 893 3728 neque
912 3654 1053 3719 dubitem,
1073 3657 1145 3730 quin
1165 3675 1216 3714 rex
1234 3657 1372 3715 laudatus
1392 3659 1429 3716 sit

329 3747 455 3805 llarolus
482 3741 616 3818 Magnus.
642 3743 694 3818 qui
721 3740 815 3800 Frisia
842 3743 977 3822 orientali
1006 3754 1034 3802 et
1065 3745 1189 3802 Saxonis
1209 3745 1332 3810 devicto,
1350 3766 1429 3804 oom-

329 3835 463 3913 pluribus
482 3832 515 3888 iu
534 3830 647 3888 casibus
666 3831 824 3908 weregelda
843 3840 870 3889 et
888 3831 972 3888 -freda
992 3833 1088 3890 novies
1106 3834 1246 3890 sumenda
1260 3834 1429 3902 instituerit.

329 3921 599 4069 l¹d⁷o³prlrihllriiid
613 3915 930 4087 yisrxeiiiallneregeldum
951 4012 1047 4068 novies
1067 4021 1213 4088 sumptum
1232 4012 1361 4071 familiae
1379 4032 1429 4070 oc-

326 4103 379 4158 ‘cisi
407 4109 468 4158 crat
495 4098 675 4162 solvendum.
702 4099 734 4155 iu
762 4096 855 4156 Frisia
883 4101 1015 4157 orientali
1043 4110 1139 4158 autern
1157 4102 1232 4178 τιεί,
1250 4111 1279 4158 et
1297 4101 1428 4176 quidem.

326 4196 362 4244 ut
391 4187 516 4253 ridetur,
542 4188 604 4245 loco
632 4205 742 4264 poena
769 4189 913 4266 capitalis.
940 4190 1011 4246 conf
1037 4189 1135 4247 Wilda
1153 4210 1183 4266 p.
1208 4189 1262 4248 103
1280 4199 1309 4248 et
1328 4200 1428 4248 notam

327 4275 366 4332 llll
385 4273 422 4330 ad
442 4275 517 4331 titul.
537 4275 592 4334 lll.
646 4314 651 4326 ·

366 4362 400 4398 '2⁴
444 4361 557 4421 Titulus
580 4363 652 4425 ‘Vlll
681 4363 718 4421 ad
738 4364 864 4422 Frisium
884 4365 1010 4424 mediam
1030 4367 1165 4445 pertinet,
1183 4367 1305 4445 exceptis
1325 4369 1431 4434 verbis.
