3144 5460
503 581 573 628 unx
592 576 797 638 emmenum.
1089 567 1205 622 xxmx

101 782 287 847 Frisiorum
317 781 419 850 fusius
453 805 629 871 exponam,
659 783 721 848 hoe
743 804 822 848 vero
846 803 1002 848 summum
1029 777 1205 857 desudem

102 885 262 954 adnotem.

151 988 273 1060 Omnes
304 994 386 1081 legis
416 993 601 1063 Frisiorum
632 1003 741 1080 partes
769 992 907 1070 denariis
931 992 985 1058 vel
1007 989 1208 1061 tremissibus

102 1107 257 1177 utuntur,
293 1122 432 1186 quorum
471 1111 536 1166 tres
575 1122 636 1185 pro
675 1098 777 1167 solido
817 1097 1017 1174 Francorum
1052 1106 1206 1186 argenteo

101 1202 228 1282 valent,
263 1205 308 1270 ite
343 1215 381 1270 ut
415 1206 567 1272 denarius
601 1205 746 1272 Frisieus
776 1215 919 1290 quatuor.
940 1202 1081 1282 denariis
1101 1202 1208 1270 Fran·

101 1329 214 1375 eorum
250 1320 456 1395 exaequetur.
503 1310 545 1376 In
580 1309 685 1377 Frisie
717 1307 822 1374 media
853 1318 998 1395 tempore
1029 1309 1110 1395 legis
1132 1306 1207 1374 Fri·

102 1411 229 1480 siouum
264 1413 388 1494 denarii
424 1415 501 1480 dieti
536 1416 569 1480 in
605 1435 668 1480 usu
703 1414 863 1480 communi
899 1415 1018 1480 versati
1053 1423 1146 1492 sunt,
1172 1413 1207 1478 in

101 1515 209 1583 Frisie
248 1517 435 1586 occidentali
475 1531 582 1586 autem
621 1520 692 1584 loeo
727 1539 840 1586 eorum
879 1518 1002 1586 denarii
1037 1517 1206 1596 valebant,

102 1644 240 1707 quorum
277 1616 336 1703 il,
372 1635 405 1690 et
439 1625 472 1690 in
501 1622 608 1690 Frisia
642 1624 806 1704 orientali,
843 1646 982 1712 quorum
1019 1622 1204 1691 trotdum
1280 1663 1281 1667 =

102 1725 303 1794 Francorum
326 1730 508 1814 aequabant
515 1754 525 1808 ς
550 1740 690 1796 attamen
712 1730 746 1796 in
770 1730 842 1818 lege
866 1729 1050 1796 Frisiorum
1067 1729 1206 1794 mulotes

103 1832 157 1898 vel
192 1835 454 1920 compositiones,
490 1834 532 1900 ad
567 1835 625 1900 has
660 1836 808 1922 regiones
838 1833 963 1902 Frisiae
990 1833 1206 1920 pertinentes,

102 1939 136 2002 in
172 1937 311 2004 denariis
347 1940 444 2006 huius
480 1942 608 2029 generis
643 1961 707 2006 non
744 1950 819 2006 sunt
847 1959 1026 2024 expressae.
1074 1938 1209 2007 Denarii

102 2041 180 2108 dieti
214 2042 360 2128 plurimis
395 2045 429 2110 in
465 2045 543 2111 loeis
580 2045 661 2132 legis
701 2043 885 2112 Frisiorum
910 2042 1066 2110 dicuntur.
1085 2044 1212 2109 denarii

102 2148 156 2212 vel
191 2152 359 2227 tremissae,
395 2151 485 2216 nulla
520 2173 599 2216 voce
635 2149 761 2228 addite,
798 2172 864 2235 qua
888 2147 1207 2237 distinguerentura

102 2252 242 2318 denariis
265 2252 482 2332 Francorum3
508 2255 541 2320 in
565 2254 659 2320 titulo
683 2255 754 2322 XV
777 2255 858 2342 legis
881 2252 1084 2334 Frisiorum,
1109 2275 1206 2339 quem

101 2359 186 2444 parti
210 2357 394 2424 Frisionum
419 2357 596 2439 secundae,
621 2382 704 2425 anno
729 2359 796 2424 785
823 2370 1005 2446 conceptae,
1032 2359 1208 2446 adsignem,

101 2461 225 2530 denarii
248 2463 345 2530 iidem
368 2466 522 2538 nominati
546 2477 622 2530 sunt
644 2467 770 2531 denarii
782 2477 920 2543 .veteree,
944 2466 966 2530 i.
990 2487 1017 2528 e.
1041 2487 1082 2530 ex
1108 2465 1205 2550 longo

81 2577 246 2654 'tempore
277 2570 310 2634 in
341 2567 450 2636 Frisie
479 2570 606 2649 usitati,
639 2569 697 2656 qui
729 2591 794 2637 nou
818 2578 894 2637 suut
917 2569 1041 2637 denarii
1063 2567 1206 2648 Franco·

102 2672 165 2736 uici
172 2697 182 2750 3
217 2673 250 2737 in
286 2675 434 2759 eapitulis
470 2675 633 2740 nonnullis
669 2675 827 2760 denique,
863 2697 946 2760 quae
982 2673 1096 2741 tertiae
1119 2673 1204 2758 perti

101 2777 183 2864 legis
214 2776 357 2843 Frisioae
392 2779 584 2857 attribuam,
620 2779 744 2844 denarii
779 2780 933 2844 dicuntur
957 2780 1080 2842 donarii
1103 2778 1207 2842 uui·

102 2883 200 2960 oniei,
231 2879 320 2946 Add.
351 2881 427 2962 ΠΙ,
458 2885 521 2962 44,
546 2893 580 2949 et
602 2885 726 2950 denarii
747 2906 844 2950 novae
866 2897 1021 2960 monetae,
1046 2883 1100 2948 lex
1122 2882 1206 2948 Fris.

101 2986 137 3066 1,
175 2987 219 3052 10
250 2984 323 3052 add.
353 2987 415 3074 leg.
446 2988 530 3054 Fris.
554 2987 641 3054 Add.
665 2987 741 3068 ΙΙΙ,
768 2989 830 3068 78,
854 2989 907 3053 vel
931 2989 1056 3054 denarii
1083 2989 1127 3056 ad
1150 3011 1205 3054 no·

102 3115 172 3156 vam
195 3103 366 3172 monetam,
390 3091 479 3159 Add.
502 3093 578 3173 ΠΙ,
604 3096 664 3172 73,
689 3095 742 3160 vel
766 3096 890 3160 denar&
911 3095 998 3172 novi,
1022 3091 1110 3160 Add.
1138 3090 1205 3172 III,

105 3199 172 3273 733
212 3198 330 3282 quibus
370 3199 476 3266 verbis
515 3200 741 3286 exprimuntur
782 3197 911 3284 denarii
943 3196 1059 3264 Frisioi
1099 3197 1205 3276 denuo

102 3302 236 3388 signati,
268 3304 326 3388 qui
357 3315 465 3374 autem
497 3305 639 3372 eiusdem
670 3303 788 3372 valoris
823 3313 915 3371 eraut
945 3301 1083 3372 denariis
1115 3311 1206 3368 vete-

101 3405 190 3472 ribus
214 3408 299 3474 tituli
322 3408 411 3487 XV,
436 3409 490 3475 vel
513 3411 651 3476 denariis
674 3409 811 3476 eliorum
835 3407 1004 3475 titulorum
1027 3406 1122 3494 legis.

147 3509 189 3579 In
212 3511 284 3598 lege
308 3510 493 3581 Frisionum
519 3513 739 3598 antiquissime
763 3512 822 3599 (z
846 3509 881 3601 Ι)
905 3511 1123 3600 weregeldum
1145 3511 1205 3578 ho·

101 3616 194 3681 minis
229 3615 322 3682 liberi
356 3617 390 3682 in
422 3611 487 3706 53}
522 3618 639 3686 solidos
670 3619 728 3706 (=
760 3619 827 3684 160
863 3617 1010 3684 denarios
1049 3617 1211 3705 Frisieos)

101 3720 311 3789 constitutum
342 3733 399 3789 est.
446 3722 502 3790 Ex
532 3745 597 3809 quo
627 3722 758 3809 quidem
783 3744 917 3788 numero
940 3721 1124 3809 weregelde
1146 3724 1206 3790 ho·
1282 3746 1284 3752 ·

101 3827 194 3892 minis
232 3827 347 3892 nobilis
385 3829 436 3894 vel
472 3829 521 3895 liti
552 3830 597 3896 ita
627 3828 765 3896 formata
794 3839 887 3908 sunt,
911 3838 949 3892 ut
972 3828 1068 3893 homo
1091 3827 1210 3898 nobilis

104 3954 205 4000 unum
238 3943 269 3998 et
302 3931 467 4014 dimidium
499 3934 636 4002 liberum
660 3945 830 4020 aequaret,
853 3945 952 4020 atque
977 3931 1080 4008 eidem
1103 3956 1206 3998 were·

104 4037 235 4124 geldum
281 4031 321 4112 1}
345 4062 372 4116 χ
398 4038 462 4124 53,
494 4039 667 4116 solidorum
697 4069 741 4109 :z
766 4041 809 4104 80
844 4037 1019 4116 solidorum
1051 4037 1110 4126 (=
1134 4039 1208 4105 24&

104 4142 306 4212 denariorum
335 4143 548 4232 Frisioorum)
578 4145 774 4222 solveretur3
803 4144 880 4210 litus
904 4153 1011 4210 autem
1035 4141 1207 4222 dimidium,

99 4248 236 4315 liberum
280 4260 456 4335 aequaret,
503 4251 599 4336 eique
639 4249 857 4339 weregeldum
902 4247 1068 4316 dimidium
1110 4248 1205 4324 liberi

103 4352 297 4434 solveretur,
329 4357 350 4420 i.
382 4379 409 4420 e.
445 4353 465 4433 ὲ
504 4364 531 4421 ><
573 4355 637 4434 53}
672 4354 765 4423 solidi
802 4374 844 4426 -··-,
873 4348 937 4428 26}
960 4353 1053 4425 solidi
1076 4355 1136 4444 (ές.
1160 4355 1208 4430 su
