3158 5464
349 518 389 584 62
580 514 610 579 Τ
631 533 645 578 1
667 530 698 580 r.
718 511 798 578 XV.
841 517 855 596 ᾗ
876 509 974 575 4-1‘
995 527 1062 575 11³.
1084 509 1205 577 XVII.

344 709 490 769 sentiente
520 708 624 769 titulus
652 705 717 772 XV,
744 705 938 784 quipertinet
956 704 996 764 ad
1014 703 1138 764 Frisium
1156 703 1338 768 orientalem,
1355 723 1450 784 aeque

344 819 377 856 ac
405 797 484 856 tituli
512 796 623 854 laudati
652 795 768 854 additus
787 803 829 853 est
848 794 906 872 legi
924 792 1088 853 Prisianum
1107 793 1326 856 retusussimae,
1352 811 1448 870 neque

344 895 411 946 ante
441 906 553 944 annum
573 884 630 944 785
648 905 679 963 p.
700 885 781 949 chr..
798 903 856 960 quo
875 882 968 940 Frisia
988 883 1137 940 orientalis
1155 901 1245 960 regno
1264 881 1448 951 Francorum

344 975 570 1039 subiiciebaturs
601 982 731 1051 tempore
749 983 846 1030 autem
866 992 924 1048 quo
943 990 1022 1049 reges
1042 971 1220 1030 Francorum
1239 971 1447 1029 subiectionem

345 1064 454 1122 Frisiae
483 1063 631 1122 orientalis
662 1063 811 1128 finierant,
838 1061 930 1118 edicta
960 1061 1102 1135 quaedam
1133 1061 1169 1118 de
1196 1060 1260 1120 iure
1279 1059 1446 1118 Frisiorum

344 1152 661 1231 publicaverunt‚r1de
682 1153 723 1210 tit.
743 1150 813 1216 VII,
830 1170 864 1208 ac
884 1149 1073 1226 weregeldum
1094 1159 1204 1207 certum
1225 1147 1334 1206 Frisiae
1350 1148 1443 1206 orien-

344 1241 411 1300 talis
440 1239 659 1307 constituerunt,
689 1240 768 1319 quod
797 1239 908 1316 duplici
938 1238 1096 1316 weregeldo
1127 1239 1318 1306 vetustissimo
1336 1236 1448 1298 Frisiae

344 1331 456 1390 mediae
475 1337 716 1406 exaequaveruut.

387 1420 419 1456 ¹³
460 1421 507 1478 na
542 1421 630 1478 libris
659 1439 720 1494 per
755 1427 865 1476 veteres
899 1417 1058 1480 denarios,
1087 1415 1124 1476 cf.
1163 1416 1255 1493 praef.
1286 1415 1344 1492 leg.
1373 1413 1447 1472 Fris.

343 1512 375 1587 p.'
394 1505 519 1566 XXXIX
538 1517 566 1565 et
584 1516 644 1566 not.
666 1506 702 1565 18
720 1527 750 1583 p.
767 1505 818 1566 59.

387 1597 419 1633 ²⁴
461 1596 531 1674 Gap.
563 1593 582 1654 4
615 1597 658 1654 tit.
689 1594 743 1656 XV
763 1594 964 1658 confirmatur,
985 1594 1028 1652 tit.
1048 1590 1101 1654 XV
1121 1593 1158 1652 ad
1178 1591 1300 1652 Frisium
1320 1593 1447 1652 orienta-

345 1686 402 1744 lem
434 1704 492 1744 esse
521 1684 705 1743 referendum
727 1692 760 1742 ut
780 1683 890 1745 dictum
910 1681 1002 1740 estin
1022 1682 1196 1759 inscriptone
1215 1683 1310 1746 titulis
1332 1677 1462 1740 duobua'

344 1776 424 1834 onim
443 1775 476 1832 in
494 1773 560 1832 aliis
578 1773 689 1832 Frisiae
708 1772 840 1851 partibus
859 1772 975 1830 nullum
995 1771 1188 1848 weregeldum
1207 1789 1286 1830 servo
1306 1780 1448 1829 eratcon·

342 1865 486 1928 stitutum,
504 1863 569 1922 vide
589 1864 632 1922 tit.
653 1861 679 1922 1.
698 1881 724 1921 c.
746 1861 791 1921 12.
1561 1909 1562 1942 3

387 1953 419 1989 ²⁵
460 1953 533 2014 Mihi
562 1971 731 2030 persuasum
759 1959 811 2017 est,
829 1950 947 2010 titulum
967 1947 1036 2010 XVI
1055 1949 1112 2026 legi
1131 1947 1294 2008 frisionum
1315 1950 1449 2009 vetustis·
1561 1955 1562 1990 l

345 2044 433 2101 simae
463 2043 617 2120 posteriore
647 2049 773 2117 tempore
804 2039 937 2096 additum
955 2029 1024 2096 esso.
1064 2038 1161 2098 Verba
1181 2057 1255 2114 qnae
1275 2047 1343 2096 snut
1363 2039 1449 2096 titulo

344 2131 483 2209 inscripta
513 2134 595 2188 inter
624 2129 782 2192 monachi
806 2136 834 2185 et
853 2127 1026 2202 Sinosolam
1044 2127 1081 2186 de
1092 2128 1188 2202 sredo
1207 2127 1307 2184 dicunt
1326 2127 1446 2185 titulum

345 2219 415 2280 XVI
434 2220 472 2277 ed
490 2217 613 2277 Frisiam
633 2218 759 2276 mediani
780 2226 808 2274 et
827 2217 1044 2282 occidentalem,
1063 2216 1205 2290 nequead
1217 2214 1338 2274 l'risiam
1350 2217 1448 2274 orien-

226 2336 230 2340 ·
345 2309 433 2368 talem
462 2309 625 2386 pertineres
657 2307 733 2365 unde
761 2305 934 2382 intelligitur
963 2304 1064 2362 eadem
1085 2305 1197 2362 nullam
1217 2305 1315 2364 fecisse
1333 2315 1448 2382 partem

346 2397 418 2476 legis
436 2396 600 2455 Frisionnm
620 2396 836 2460 vetustissimae,
856 2414 931 2470 quae
953 2395 1069 2452 nonnisi
1094 2393 1125 2451 iu
1156 2413 1238 2452 usum
1259 2394 1368 2452 Frisiao
1388 2415 1449 2454 me·

344 2487 409 2545 dieo
429 2495 499 2544 emet
518 2494 662 2562 concepta.
694 2485 784 2550 'lland
804 2483 888 2552 alitor
908 2485 994 2542 rerba
1015 2481 1092 2540 tituli
1110 2492 1238 2540 extrema
1257 2487 1311 2560 qui
1330 2484 1450 2541 solidus

345 2579 445 2634 iridem
474 2577 612 2632 denariis
634 2582 749 2632 constat
768 2573 858 2632 textui
877 2573 947 2650 legis
966 2572 1173 2630 vetustissimae
1192 2592 1251 2630 non
1272 2573 1330 2630 sint
1349 2571 1449 2646 adnn-

345 2659 504 2729 merandus
533 2664 603 2722 huic
632 2665 710 2721 enim
738 2663 806 2739 legi,
834 2661 871 2720 ad
902 2661 1026 2720 Frisium
1055 2661 1180 2736 mediam
1198 2663 1368 2739 pertinenti.
1387 2681 1449 2720 nou

344 2763 406 2812 erat
435 2752 543 2810 occasio
571 2751 651 2817 data,
670 2761 703 2809 ut
722 2751 879 2808 solidorum
899 2749 1069 2806 divisionem
1088 2761 1336 2817 commemoraret,
1354 2770 1448 2827 quum

344 2845 379 2902 iu
408 2839 501 2900 Frisia
529 2840 624 2898 media
644 2840 722 2898 nulli
741 2847 834 2896 essent
857 2839 943 2896 solidi
963 2839 1019 2896 nisi
1038 2837 1129 2896 trium
1149 2837 1347 2897 denariorum.
1388 2840 1449 2898 tli-

346 2940 391 2989 ter
417 2951 462 2988 ree
491 2949 551 2988 sese
578 2931 683 2988 hebuit
711 2930 744 2986 iu
762 2928 831 2985 locis
850 2927 888 2984 ad
907 2926 1029 2984 Frisium
1049 2927 1266 2992 orientalemet
1285 2929 1449 2987 occidenta-

343 3021 403 3077 lem
433 3018 660 3096 pertinentibnea
693 3017 737 3073 his
767 3016 846 3074 enIm
875 3017 908 3072 in
939 3015 1032 3081 terris.
1063 3017 1450 3094 tesnndd.1eg.111‚73‚

343 3107 429 3166 solidi
458 3107 489 3163 iu
521 3104 540 3162 2
559 3106 639 3162 etin
658 3104 696 3182 2}
715 3105 848 3162 denarios
869 3114 952 3164 erant
971 3105 1066 3170 divisi,
1084 3114 1112 3162 et
1131 3104 1201 3162 dicit
1220 3125 1284 3183 cap.
1307 3106 1342 3164 17
1364 3109 1448 3165 titulo

345 3195 388 3254 IX
417 3196 473 3272 leg.
501 3191 574 3252 Fris.
604 3194 749 3259 additum,
777 3193 903 3251 solidum
933 3193 1004 3270 legis
1023 3193 1186 3252 Frisiorum
1206 3196 1300 3254 tribue
1320 3196 1449 3254 denariis
1560 3211 1561 3250 t

344 3304 404 3344 esse
432 3283 601 3341 solvendum
631 3283 677 3340 hir
707 3301 822 3358 quoque
842 3282 874 3338 in
893 3282 993 3348 torris3
1014 3282 1051 3340 cf.
1071 3283 1158 3342 etiam
1177 3292 1238 3342 not.
1264 3284 1310 3342 13.
1335 3304 1366 3360 p.
1400 3283 1449 3348 tl.

344 3374 409 3432 vide
427 3383 525 3431 tamon
544 3371 629 3437 vlu,
652 3371 677 3429 l.
697 3370 750 3437 IX,
769 3371 798 3429 3.
821 3371 852 3426 ll
873 3371 894 3428 l.
915 3368 988 3429 Fris.

385 3460 419 3497 ²⁶
460 3462 501 3518 lle
528 3461 610 3517 fredo
628 3461 674 3518 sel
691 3459 773 3518 lreda
792 3460 868 3519 conf.
887 3469 947 3519 not.
967 3459 1001 3517 41
1024 3461 1062 3518 ad
1083 3459 1124 3520 tit.
1144 3458 1202 3519 111.
1242 3459 1355 3520 Titulus
1376 3461 1448 3521 XVI

329 3560 477 3614 testatur,
506 3548 679 3607 homicidam
709 3569 745 3606 ex
773 3549 835 3626 lego
857 3549 1022 3607 Frisiorum
1041 3568 1100 3607 non
1120 3558 1233 3611 tentum
1254 3551 1449 3627 weregeldum

341 3640 469 3705 solvisse,
496 3637 573 3715 qnod
601 3635 719 3712 quidem
739 3637 857 3694 heredes
876 3637 959 3694 occisi
977 3648 1159 3716 acceperuut,
1178 3639 1228 3696 sed
1247 3640 1334 3696 etiam
1354 3640 1448 3697 mulc-

344 3739 404 3788 tam
414 3725 573 3805 quandam,
582 3743 598 3778 e
607 3743 682 3800 quae
690 3724 727 3780 ad
735 3731 848 3800 partem
857 3723 1031 3786 dominicam
1040 3744 1094 3804 pro
1104 3726 1186 3784 freda
1198 3726 1230 3804 [i.
1240 3746 1265 3785 e.
1275 3731 1358 3806 pace]
1369 3748 1449 3787 com·

345 3819 532 3898 poneretur”.
572 3811 669 3872 Verba
693 3812 770 3886 tituli
789 3821 885 3870 auum
904 3813 1176 3880 dicuut,·summam
1197 3817 1324 3874 mulctae
1344 3819 1449 3876 lauda·

345 3917 403 3973 tae,
422 3923 510 3984 quam
531 3903 622 3980 ipsam
642 3900 785 3960 illisiones
804 3902 1023 3980 appellaverunt
1042 3903 1155 3962 fredam
1177 3905 1223 3962 rel
1242 3906 1368 3964 fredum.
1389 3907 1409 3965 i.
1420 3927 1448 3965 e.

342 4016 471 4077 poenam
501 3994 579 4074 pacis
608 3989 729 4060 fractae,
757 3993 796 4052 30
814 3994 918 4052 solidos
937 3994 1100 4071 explevisse.
1140 3995 1184 4077 Ex
1202 3995 1287 4053 titulo
1306 3995 1332 4061 Ι,
1356 3996 1367 4052 l
1391 3997 1450 4059 Ad·

346 4085 464 4145 ditionis
482 4085 539 4163 leg.
559 4083 632 4143 Fris.
650 4083 740 4141 iidem
760 4083 798 4142 30
816 4083 901 4143 solidi
929 4084 1027 4144 novies
1046 4094 1129 4143 erant
1148 4085 1293 4150 sumendi,
1312 4085 1337 4142 si
1355 4085 1449 4145 faido-

346 4194 395 4234 sus
425 4177 458 4232 iu
485 4193 556 4251 pace
584 4174 711 4248 quadarn
740 4173 849 4231 maiore
877 4174 1063 4234 occideretur.
1113 4174 1229 4232 Praeter
1257 4175 1373 4235 fredum
1410 4175 1451 4234 30

346 4261 430 4324 solid.
458 4263 550 4342 legem
581 4261 745 4322 Frisiorum
774 4263 879 4342 legenti
901 4264 1025 4322 occurrit
1045 4263 1160 4323 fredum
1180 4263 1454 4328 minus12solid.‚'

345 4351 425 4437 qnod
455 4351 625 4412 solvendum
653 4361 715 4412 erat
742 4353 899 4418 commissis
928 4353 1085 4414 levioribus
1115 4354 1288 4428 quibusdam
1320 4354 1450 4418 delictis,
1559 4353 1560 4356 ’
