3144 5460
342 526 394 572 xil
754 527 823 576 LEX
844 527 1047 576 rsslslonurs.

347 743 374 796 et
405 731 581 815 Sinksalarn
615 729 694 795 ibid.
728 731 763 810 Ι,
802 731 903 796 3-5.
941 734 970 796 8.
1011 735 1062 798 10.
1101 735 1152 798 12.
1191 737 1244 799 21.
1280 736 1354 817 IX,
1395 739 1449 803 13.

345 835 452 916 XIV,
486 838 516 898 4.
549 833 635 899 Add.
668 835 743 916 ΙΙΙ,
777 837 830 903 58.
864 838 917 904 68.
951 839 1011 902 73:
1035 840 1113 904 inter
1136 840 1300 907 Lanbaoid
1323 855 1351 910 et
1383 847 1451 910 Wi-

345 965 467 1018 saram,
492 941 545 1005 vel
568 943 652 1006 nitra
683 943 862 1022 Lanbaoin‘,
888 942 960 1008 Lex
986 942 1067 1008 Fris·
1092 943 1219 1022 XVII,
1244 949 1276 1010 4.
1300 947 1449 1027 XVIII,

348 1049 377 1109 1.
401 1045 504 1110 XXI.

391 1150 431 1214 In
458 1150 537 1216 Vita
561 1149 731 1240 Gregorii,
757 1154 813 1238 qui
837 1164 910 1239 post
934 1164 1067 1218 mortem
1092 1153 1250 1222 Bonifncii
1273 1179 1301 1221 a.
1332 1157 1448 1222 755-

347 1257 412 1321 775
450 1255 675 1322 Ultraieotensi
712 1258 865 1323 ecclesiae
889 1258 1045 1344 praefuit,
1070 1281 1089 1324 a
1114 1259 1280 1348 Liudgero
1304 1261 1449 1328 eiusdem

345 1359 502 1448 discipulo
534 1363 668 1448 scripta,
696 1362 834 1452 legimus
858 1365 890 1428 in
915 1386 984 1452 cap.
1011 1365 1066 1429 1οε
1117 1365 1271 1432 Doctrina
1294 1390 1351 1432 sua
1376 1369 1448 1433 bea-

343 1479 390 1532 tas
425 1469 594 1553 Greyorias
628 1469 817 1546 Traieatnrn,
854 1471 1012 1554 antiquam
1036 1472 1200 1550 civitatem,
1225 1484 1253 1538 et
1275 1476 1373 1538 visam
1386 1475 1448 1558 fa·

343 1595 459 1640 mosam
490 1572 652 1652 Dorstad,
688 1595 754 1636 anna
778 1573 835 1638 illa
857 1575 1027 1640 inradiavit
1044 1587 1139 1661 parte
1161 1571 1343 1658 Fresoniae,
1368 1601 1448 1662 qnae

342 1689 412 1746 tnna
442 1681 587 1764 temporis
616 1679 845 1744 christianitatis
876 1682 995 1746 nornine
1025 1683 1219 1758 consederam
1241 1682 1322 1749 idem
1353 1707 1448 1770 usque

342 1785 376 1848 in
408 1786 514 1869 repam
545 1784 757 1850 occidentalem
779 1786 923 1870 flaminis
954 1787 1037 1870 qaod
1066 1786 1177 1852 dicitnr
1207 1788 1364 1876 Laqbeki,
1393 1790 1449 1854 abi

342 1891 503 1976 carpiniani
527 1901 593 1954 erat
616 1891 854 1954 christianornm
878 1885 1049 1956 Fresonnm
1074 1914 1110 1956 aa
1127 1915 1327 1978 papanorarn
1355 1916 1446 1958 onna-

341 1996 380 2058 tis
412 1995 515 2059 diebus
549 1995 686 2080 Pippini
714 1995 810 2082 repis,
842 1993 1000 2060 Mnbiilon
1032 1994 1119 2060 Acta
1150 1993 1184 2062 S.
1208 1996 1330 2063 Bened.
1354 1995 1446 2064 Saea.
1570 1990 1571 1993 ¹

340 2097 407 2163 III.
432 2098 470 2163 P.
496 2097 540 2162 II.
564 2120 596 2183 p.
622 2098 688 2163 295
714 2097 780 2186 (ed.
804 2097 938 2187 Venet).

386 2205 427 2270 In
451 2204 529 2270 Vita
561 2203 719 2293 Liudgeri
743 2214 875 2271 auctore
901 2203 1042 2272 Altfrido
1068 2207 1100 2293 (Τ
1126 2209 1209 2296 849)
1234 2207 1261 2272 Ι.
1286 2229 1354 2296 cap.
1382 2209 1444 2272 19:

344 2309 504 2378 Gloriosus
533 2313 682 2396 princeps
716 2310 856 2378 Karolns
888 2314 1040 2377 constitnit
1062 2312 1162 2398 (anno
1189 2312 1271 2398 785)
1301 2337 1369 2379 enm
1391 2311 1444 2400 (S.

341 2413 560 2504 Liudgerum)
586 2419 742 2482 doctorem
765 2419 798 2480 in
819 2429 905 2503 pente
931 2415 1099 2482 Fretonnns
1124 2419 1162 2482 ab
1187 2421 1333 2484 orientali
1352 2430 1444 2504 parte

331 2523 475 2608 fluminis
505 2522 626 2587 Labeki
655 2540 748 2606 asper
774 2541 875 2609 payns
915 2523 1064 2608 quinque,
1104 2547 1236 2610 quornm
1268 2527 1341 2590 Isaeo
1375 2538 1444 2590 sant

339 2628 503 2692 voeabula:
528 2628 732 2715 annseraizi,
761 2628 931 2715 Hannsqa,
956 2623 1097 2716 Rvdqa,
1119 2630 1261 2716 Enispa,
1286 2625 1443 2716 stanna,

341 2745 371 2798 et
390 2756 485 2798 nnarn
508 2733 640 2798 insalarn
663 2734 771 2810 Bant,
795 2731 886 2798 Mon.
915 2729 957 2797 G.
983 2730 1042 2798 SS.
1067 2733 1114 2799 ΙΙ.
1137 2757 1170 2820 p.
1187 2736 1264 2800 410.

385 2838 427 2903 In
458 2837 538 2903 Vita
568 2837 601 2904 S.
634 2837 812 2903 Willehadi
844 2849 975 2904 auctore
1007 2838 1169 2904 Ansksrio
1203 2841 1234 2924 (γ
1264 2839 1348 2927 865)
1372 2861 1442 2925 cap.

340 2945 379 3009 3:
418 2943 506 3009 Venit
537 2939 587 3022 (S.
618 2941 839 3028 willehadus)
870 2945 903 3008 in
926 2937 1067 3008 Fresiarn
1091 2946 1136 3009 ad
1158 2944 1441 3032 Doolrynelsirioa,

338 3051 423 3135 qnod
458 3059 501 3112 est
534 3047 567 3111 in
596 3070 684 3134 papo
719 3047 913 3134 Hasnaqa„
929 3091 961 3112 ..
1002 3046 1073 3112 inde
1101 3051 1271 3136 procedens
1302 3053 1444 3115 transivit

328 3156 462 3242 flaviam
497 3154 633 3231 Loneke,
668 3155 806 3238 venitque
841 3155 885 3218 ad
918 3156 1018 3220 loonm
1055 3150 1257 3236 Hnmaroisa,
1283 3155 1373 3220 Mon.
1398 3152 1441 3220 G.

338 3257 400 3326 SS.
424 3258 471 3324 II.
495 3282 526 3346 p.
552 3258 630 3325 380.

384 3365 474 3450 Dipl.
514 3387 581 3452 rog.
621 3363 752 3430 Henrioi
794 3387 822 3428 s.
866 3364 977 3428 1040:
1003 3365 1144 3450 praedia
1176 3368 1256 3431 inter
1278 3365 1389 3432 Emere
1414 3377 1442 3432 et

338 3469 479 3547 Laride,
504 3468 600 3534 Hoda
623 3492 654 3555 p.
682 3470 757 3533 121.

384 3573 467 3640 Emo
496 3572 537 3638 ad
560 3596 588 3638 s.
616 3575 715 3638 1234:
764 3596 785 3637 a
809 3573 940 3638 Stanria
969 3573 1016 3660 (in
1041 3573 1112 3660 ripa
1135 3572 1224 3640 lacus
1247 3573 1440 3664 Zuiderzee)

336 3703 430 3768 nsque
463 3680 629 3758 Larisam,
663 3678 781 3744 Matth.
818 3676 913 3742 Anal.
948 3677 994 3743 II.
1030 3702 1061 3765 p.
1100 3679 1153 3743 89.
1207 3679 1307 3758 Emo',
1343 3679 1440 3745 obbas
1569 3767 1570 3772 ἵ

336 3785 519 3853 monasterii
549 3785 583 3849 in
616 3785 693 3849 vilis
725 3783 965 3850 Wittewierum
998 3784 1045 3870 (in
1077 3807 1161 3872 pago
1185 3782 1337 3873 Fivelgs)
1362 3807 1440 3849 oon·
1569 3807 1570 3818 ¹

336 3893 465 3969 structi,
497 3891 639 3968 nominat
670 3889 711 3955 ad
744 3911 864 3956 annum
898 3891 988 3954 1224
1020 3900 1053 3956 et
1088 3912 1115 3954 a.
1149 3891 1236 3953 1231
1264 3891 1330 3954 losa
1353 3901 1440 3956 trans

335 3997 485 4062 Lavianni
520 4018 552 4081 p.
590 3997 722 4074 uss,
759 4005 792 4060 et
825 3993 865 4059 ad
898 4017 1017 4060 annum
1053 3996 1140 4059 1232
1177 3996 1441 4062 Iiansiaviaentes

335 4126 366 4190 p.
391 4103 446 4166 93.

328 4246 485 4264 Μ

333 4293 458 4356 Rechteq.
479 4289 502 4340 I.
527 4305 554 4353 p.
573 4294 628 4339 181.
662 4287 806 4352 Utramque
833 4291 915 4354 ripam
933 4289 1020 4340 Ionias
1038 4289 1149 4340 fluminis
1166 4288 1251 4341 modio
1270 4301 1338 4338 sevo
1356 4285 1438 4336 Frisi-

335 4389 396 4426 onos
414 4385 465 4422 non
483 4369 671 4420 habitaverunt.
