3144 5460
567 550 638 603 tux
658 547 866 603 rnrsronntt.
1228 543 1271 596 nt

160 755 375 848 capitulorum
407 761 626 848 singulorum,
660 758 777 845 quibus
808 757 862 822 lex
893 758 963 842 ipsa
994 766 1042 822 est
1074 758 1267 844 composita,

159 874 257 951 atque
289 888 398 932 omnes
429 866 590 952 scrupuli,
627 887 708 951 quos
740 863 912 949 scriptores·
933 862 1080 927 nonnulli
1103 862 1168 952 legi
1191 864 1264 928 inii·

159 973 262 1051 ciant,
286 994 418 1058 prorsus
441 993 481 1036 ex
505 973 609 1036 animo
634 970 831 1048 evelluntur,
855 968 1096 1034 constitutiones
1119 969 1263 1057 singulas

159 1075 240 1164 legis
272 1076 465 1143 conferendo
495 1098 570 1142 oum
600 1076 727 1163 legibus
758 1075 981 1141 vetustissimis
1013 1074 1148 1141 aliorum
1176 1074 1262 1142 Ger·

158 1181 282 1246 maniae
306 1182 520 1270 populorum,
544 1191 577 1247 et
600 1203 674 1246 oum
698 1181 737 1245 iis
761 1203 845 1265 quae
868 1179 996 1244 saeculo
1021 1179 1143 1245 decim-o
1167 1181 1262 1246 tertio

159 1293 192 1350 et
224 1284 348 1353 decimo
371 1298 486 1373 quarto
509 1288 544 1352 in
568 1286 674 1352 Frisia
698 1299 773 1351 sunt
797 1287 935 1372 scriptae
952 1289 978 1349 4.
1025 1283 1160 1353 Certum
1183 1287 1261 1352 mihi

160 1399 225 1467 est,
250 1391 373 1456 nullum
397 1391 558 1457 hominem
581 1402 685 1457 aetate
709 1381 923 1468 Heroldiann',
951 1413 992 1456 ne
1015 1390 1120 1456 dicam
1143 1403 1263 1484 nostra,

159 1494 294 1574 vixisse,
325 1496 382 1583 qui
413 1497 551 1562 scribere
581 1499 722 1582 potuerit
753 1497 858 1584 legem
881 1494 1065 1562 Frisionum
1090 1496 1264 1564 Heroldia·

158 1621 249 1680 nam,
285 1600 379 1665 cuius
413 1601 475 1667 loci
512 1602 643 1688 plurimi
678 1601 851 1666 ostendunt
886 1611 918 1666 et
953 1602 1109 1688 originem
1143 1604 1262 1669 saeculi

158 1706 265 1771 octavi
296 1717 328 1770 et
356 1727 545 1772 consensum
569 1707 678 1794 legum
701 1705 824 1772 Frisiae
848 1707 1063 1773 recentiorum
1086 1731 1262 1794 numquam

158 1809 265 1876 adhuc
296 1811 506 1877 enucleatum.
553 1812 627 1877 Non
660 1835 711 1877 me
735 1813 905 1898 praeterit,
941 1813 1050 1899 plures
1074 1814 1183 1899 lapsus
1208 1837 1261 1879 oo·

158 1914 262 1980 dicem
294 1915 459 1982 scribentis
492 1917 544 1982 rel
582 1939 707 1982 errores
731 1917 982 2004 typographicos
1005 1919 1039 1983 in
1062 1929 1155 1984 textu
1178 1920 1261 2008 legis

157 2019 375 2087 Heroldianae
408 2044 493 2102 esse,
530 2045 610 2108 quos
635 2023 847 2109 percipimur,
882 2025 1141 2104 constitutiones,
1177 2047 1261 2111 quae

157 2125 318 2192 habentur
348 2128 382 2192 in
414 2128 549 2216 singulis
577 2128 726 2214 capitulis
750 2127 846 2217 tegle,
882 2130 1096 2215 comparando
1119 2129 1203 2196 inter
1226 2151 1261 2195 se

158 2242 215 2296 aut
247 2253 321 2296 cum
351 2233 407 2313 iis,
444 2256 528 2318 quae
559 2233 650 2298 nobis
674 2245 849 2298 occurrunt
871 2235 905 2299 in
921 2235 1000 2300 'aliis
1023 2235 1150 2322 legibus
1174 2234 1261 2302 Ger·

157 2337 282 2400 maniae
313 2337 535 2402 vetustissimis
569 2348 602 2404 et
634 2338 722 2404 libris
753 2338 833 2403 iuris
863 2338 980 2404 Frisici
1010 2341 1263 2419 recentioribus3

158 2439 229 2506 dico
261 2454 370 2507 autem
401 2465 531 2509 errores¹
557 2443 626 2507 illos
659 2443 723 2508 vim
756 2453 788 2508 et
819 2445 1041 2509 auctoritatem
1065 2445 1146 2534 legis
1169 2447 1259 2512 nullo

157 2545 251 2612 modo
275 2547 463 2628 diminuere,
484 2571 585 2634 quum
601 2548 821 2614 emendatione
838 2550 1017 2616 litterarum
1032 2552 1259 2619 nonnullarum

157 2652 221 2717 sint
242 2651 437 2718 removendi.

203 2756 250 2820 Π.
297 2756 441 2822 Fines
473 2769 723 2837 terrarum,
755 2782 950 2844 quarum
982 2763 1054 2826 ius
1086 2763 1131 2826 in
1162 2763 1258 2851 lege

156 2859 434 2928 Frisiouum
469 2865 793 2928 constitutum
829 2875 908 2942 est,
933 2866 977 2929 in
1013 2866 1116 2952 ipsa
1152 2867 1262 2956 lege

157 2966 477 3030 nominantur.
526 2963 685 3032 Omnis
725 2967 887 3034 Frisia
922 2970 1013 3034 littus
1044 2972 1155 3037 oceani
1187 2996 1260 3060 sep-

156 3070 356 3137 tentrionalis
379 3093 399 3135 a
422 3070 522 3136 fluvio
547 3070 672 3138 Sinkfal
696 3095 800 3159 usque
824 3074 865 3140 ad
890 3071 1055 3143 Wisaram
1071 3079 1258 3165 occupabat,

156 3185 189 3242 et
219 3175 404 3242 fluminibus
435 3176 488 3241 Fli
520 3189 553 3242 et
576 3177 746 3243 Laubachi
768 3179 802 3243 in
825 3190 890 3245 tres
914 3190 1023 3266 partes
1047 3193 1116 3248 erat
1140 3184 1257 3252 divisa:

155 3279 363 3346 Frisium
403 3282 762 3350 occidentalem
792 3285 877 3350 inter
908 3285 1043 3352 fluvium
1075 3286 1202 3355 Sinkfal
1227 3302 1260 3356 et

155 3402 307 3414 ῌ

189 3461 205 3506 4
239 3457 310 3509 Inter
336 3474 380 3510 eos
408 3461 452 3523 qui
478 3461 682 3524 dubitaverunt,
702 3463 787 3525 legem
805 3461 953 3513 Frisiorum
969 3463 1158 3518 Horoldiansm
1176 3461 1258 3519 omni-

154 3535 203 3587 bus
221 3537 380 3601 inpartibus
408 3540 542 3602 antiquam
567 3555 623 3591 esse
640 3555 671 3590 ac
689 3542 836 3605 genuinam,
853 3544 987 3594 nominare
1005 3545 1082 3595 velim
1099 3547 1182 3597 virum
1199 3563 1258 3612 per-

155 3617 260 3667 doctum
285 3616 318 3667 B.
343 3618 525 3683 Huydecoper:
553 3619 724 3685 Rymkronyk
749 3635 799 3670 van
821 3622 900 3672 Melia
918 3623 1008 3673 stoke.
1024 3624 1125 3675 Leiden
1146 3628 1218 3678 1772.
1235 3627 1258 3680 Ι.

154 3710 180 3760 p.
201 3701 262 3761 ¹423
286 3697 418 3764 (conteras
445 3714 512 3764 quus
542 3702 699 3765 argumentis
718 3702 774 3752 eius
792 3703 914 3767 opposuit
931 3704 954 3752 Ι.
970 3704 1002 3754 F.
1019 3719 1069 3754 ran
1087 3705 1212 3758 Halsema
1229 3709 1256 3758 in

148 3769 384 3842 'Vorhandelingon
402 3780 468 3829 door
485 3794 533 3830 een
551 3779 736 3846 Genootsohep
753 3796 801 3846 pro
820 3783 963 3833 excolendo
987 3785 1043 3834 iuro
1059 3787 1153 3849 patrio.
1188 3785 1257 3838 Gro-

153 3855 248 3920 ningen
276 3859 349 3908 1778.
374 3858 412 3907 Π.
436 3874 464 3925 p.
480 3858 536 3925 46);
554 3867 579 3910 et
605 3867 721 3925 tempore
738 3863 881 3913 recentiore
899 3863 1020 3914 Henema
1036 3865 1081 3914 Fr.
1098 3864 1203 3916 Wetten
1220 3868 1257 3918 ΙΙ.

152 3951 179 4000 p.
205 3941 266 3986 3³5.
292 3943 342 3987 344
368 3945 394 3988 et
418 3954 470 3989 von
495 3938 606 3990 Daniele
623 3940 702 3990 Dent.
719 3939 843 4004 Reichsg.
860 3942 998 4007 Ttibingen
1018 3949 1091 3993 1859.
1108 3944 1130 3994 Ι.
1148 3962 1174 4013 p.
1190 3952 1257 4001 262:

158 4013 369 4067 Woltrsclteinlr'ct
393 4019 471 4068 haben
496 4020 542 4069 wir
559 4020 585 4070 in
602 4019 654 4069 dem
671 4020 781 4086 teutiyeu
801 4019 875 4070 Terta
892 4038 938 4071 nur
955 4022 1001 4072 das
1018 4025 1159 4075 vereinzelte
1182 4025 1258 4079 Werlr

153 4095 219 4145 eines
235 4095 471 4162 Ρνίυαιεαιιιιιιῖινε,
488 4098 532 4148 der
548 4116 595 4150 aus
611 4099 707 4150 andern
723 4097 940 4167 Aufzeiclnunqen
959 4103 1011 4152 und
1026 4104 1151 4169 sonstz'qen
1167 4100 1257 4158 Neci.

152 4174 245 4225 riclten
268 4172 380 4226 Sicleres
405 4178 457 4228 und
485 4177 648 4242 Unst‘clteres,
672 4178 839 4230 Bliinkiscles
864 4181 916 4232 und
937 4181 1159 4246 Vorsrtnlct'scles,
1175 4185 1256 4238 Heid-

153 4255 249 4304 nisctes
274 4255 327 4308 oud
352 4254 529 4321 Olristliclos,
554 4261 598 4310 wie
624 4277 650 4310 es
676 4260 729 4313 ricla
754 4260 859 4324 darbot,
886 4262 947 4312 oliae
978 4256 1054 4315 Wanl
1078 4264 1129 4314 und
1159 4263 1254 4319 Urtlter'l

152 4344 354 4402 susammentrup.

1098 4427 1115 4461 ιι
