3156 5464
485 549 577 613 Aoo.
598 545 678 614 See.
720 545 922 611 T1s.x1.
1194 549 1254 613 117

140 745 233 801 verba
262 745 295 808 in
323 743 436 805 sabulo,
464 740 544 814 quod
565 761 697 799 accessus
724 743 823 799 maris
842 744 958 815 operire
977 743 1057 799 solet.
1096 743 1131 800 In
1151 761 1248 802 erroro

140 841 271 890 versatus
290 839 331 887 est
351 830 395 886 vir
413 828 512 886 doctus
532 829 639 889 Stobbe
659 832 691 887 in
716 832 817 890 Gesoh.
849 829 901 886 der
921 830 956 887 D.
977 829 1109 905 liechtsq.
1130 831 1244 889 Braun-

127 922 265 998 .sohwsig
286 918 369 978 1860.
390 917 414 975 i.
433 937 463 995 p.
487 915 551 982 185,
570 920 621 994 qui
641 917 978 984 serenissimum
1005 919 1061 996 legi
1082 919 1244 977 Prisianum

138 1011 261 1068 titulum
281 1008 323 1066 xl
343 1007 487 1066 adiecisse.

181 1100 214 1136 ⁶⁹
256 1098 345 1157 voees
374 1097 517 1170 templum
543 1104 572 1152 et
593 1101 721 1171 saniem,
750 1115 930 1174 paganorum
951 1097 1057 1174 templs
1076 1107 1104 1154 st
1123 1117 1181 1156 non
1201 1117 1248 1156 eo·

137 1189 240 1247 clesiss
269 1185 440 1244 christianas
471 1185 524 1240 hoo
552 1185 586 1241 in
620 1187 705 1244 titulo
725 1185 904 1262 significare.
921 1185 983 1261 ipso
1002 1186 1087 1244 titulo
1107 1188 1248 1263 probatur

136 1278 215 1336 conf.
246 1285 304 1333 not.
337 1273 374 1331 67
404 1294 435 1349 p.
466 1270 514 1330 51.
554 1274 722 1351 Complures
743 1275 893 1351 scriptores
913 1275 1046 1349 aequales
1067 1277 1173 1352 templa
1193 1296 1244 1352 po·

136 1387 216 1443 gans
248 1366 280 1423 in
311 1362 403 1420 Frisia
423 1373 658 1428 commemorant,
680 1365 753 1421 locos
774 1382 873 1420 sorum
895 1363 997 1428 affero,
1016 1366 1122 1439 quibus
1142 1366 1245 1422 titulus

135 1454 181 1512 XI
211 1453 358 1530 praeclare
386 1451 573 1509 enucleatur:
603 1453 739 1508 Aicuinus
772 1452 804 1527 (†
832 1451 902 1523 804)
933 1461 1032 1508 narrat
1061 1453 1092 1509 in
1125 1451 1190 1512 tiu
1211 1454 1243 1512 S.

134 1542 321 1601 willibrordi
340 1544 374 1615 (†
394 1539 463 1615 739)
483 1557 545 1615 esp.
568 1540 617 1599 10:
633 1545 773 1616 peruenit
794 1541 825 1599 S.
847 1541 1071 1599 Willibrordus
1090 1542 1169 1617 (ante
1190 1562 1243 1600 on·

133 1651 209 1689 num
240 1630 308 1696 714,
337 1629 400 1685 vide
430 1627 565 1705 Rettbsrg
585 1629 743 1706 Kirchsng.
764 1629 804 1689 11.
828 1649 857 1706 p.
877 1628 946 1702 520)
968 1633 1002 1686 in
1021 1632 1149 1705 confinio
1169 1631 1243 1689 loe-

132 1740 242 1778 sonum
272 1729 299 1776 et
326 1715 485 1776 Bonorum
504 1719 548 1774 acl
567 1721 722 1793 quandum
742 1721 886 1782 instalum,
906 1739 981 1793 qscae
999 1740 1020 1776 a
1040 1722 1169 1796 quodam
1189 1722 1243 1779 deo

129 1829 188 1867 suo
206 1809 307 1866 ltostte
325 1811 362 1866 ab
382 1807 491 1863 accolis
509 1815 611 1864 terrae
632 1807 825 1864 Fositesland
842 1811 1019 1881 appellatur
1039 1811 1071 1885 (i.
1092 1829 1118 1868 c.
1138 1810 1240 1886 Helgo·

131 1899 323 1972 land),quio
343 1897 631 1954 iueaeiusdem
660 1898 857 1971 deisona
879 1901 1006 1969 suere
1034 1907 1241 1956 construc-

132 1998 203 2054 ta;
233 1990 286 2062 qui
315 1989 396 2043 locus
425 2007 444 2043 α
483 1989 615 2062 pannosis
644 1990 677 2044 in
698 1995 785 2042 tauta
806 1989 992 2043 ueneratione
1011 1989 1187 2054 habebatur,
1205 1998 1240 2046 ut

132 2079 185 2134 nil
211 2079 245 2133 in
269 2095 303 2132 ca
326 2078 372 2132 vel
389 2079 572 2134 animalium
592 2078 637 2131 ibi
649 2077 854 2149 pascentium,
873 2077 1074 2132 velaliarum
1094 2096 1240 2150 quarum·
1337 2111 1354 2126 -

132 2167 207 2222 libet
235 2184 338 2222 rerum
369 2167 528 2239 ¹mutilium
548 2167 709 2238 uicisquam
731 2171 854 2238 tonuere
875 2164 1016 2227 audebat,
1036 2183 1087 2221 nec
1107 2169 1199 2222 etiam
1218 2185 1239 2223 a

121 2257 214 2328 fonte
234 2256 287 2328 qui
306 2239 350 2309 ibi
369 2241 526 2310 ebulliebat
545 2243 657 2326 aoniam
677 2254 807 2309 baurire
826 2254 888 2308 nisi
909 2260 1007 2309 taceres
1015 2259 1238 2327 praesumebat.

132 2341 200 2399 Vir
221 2339 280 2398 Ilei
292 2344 390 2416 parci
403 2343 537 2416 pendens
557 2344 684 2398 stultam
705 2343 763 2397 loci
782 2343 869 2397 illius
887 2342 1074 2416 religionem,
1096 2347 1141 2401 vel
1150 2348 1238 2418 sero-

130 2433 289 2488 cissimum
308 2434 390 2506 reqis
409 2429 550 2487 Radbodi
569 2433 716 2493 animum,
745 2432 814 2504 qui
843 2432 1078 2487 violatores
1105 2452 1237 2490 sacro·

131 2539 224 2577 rum
251 2521 378 2575 illius
404 2522 676 2576 atrocissima
703 2527 830 2575 morte
849 2519 1047 2576 damnare
1066 2525 1238 2587 solebat,

131 2617 197 2667 tres
217 2611 347 2664 bomines
367 2611 399 2664 in
420 2628 450 2664 eo
460 2612 549 2683 sonte
568 2611 745 2680 baptizavit,
764 2617 816 2664 stc.
856 2611 916 2664 Act.
944 2608 975 2666 S.
997 2601 1102 2667 Bsiied.
1131 2632 1154 2668 s.
1182 2612 1236 2671 lii.

131 2699 164 2756 Ρ.
189 2697 213 2755 I.
239 2718 269 2774 p.
291 2696 356 2754 609.
396 2697 584 2754 Contionatus
605 2696 767 2773 leodegarii
787 2697 922 2753 reicitis
942 2717 1004 2774 sap.
1029 2699 1098 2756 1092
1119 2701 1158 2776 (a.
1178 2701 1235 2760 734

129 2787 258 2845 Karalus
277 2786 436 2860 Marullus)
458 2790 490 2844 in
512 2785 556 2840 W
557 2788 739 2842 istracbiom
760 2795 787 2841 et
807 2786 1034 2845 Austrucbiam
1053 2787 1085 2862 (i.
1106 2809 1131 2846 e.
1157 2789 1235 2848 Wes-

129 2887 212 2953 terga
242 2885 269 2932 et
301 2881 414 2951 Astsrgs
451 2876 525 2932 inter
546 2875 664 2931 Flevum
686 2883 713 2930 st
734 2874 880 2931 Laobochi
901 2877 978 2952 sita),
997 2880 1113 2934 insulas
1132 2878 1235 2937 Frisi-

130 2986 232 3029 onum,
255 2968 441 3039 penetrauit,
468 2983 559 3038 super
579 2962 721 3020 Burdine
741 2967 879 3040 fletuium
900 2966 933 3040 (i.
951 2984 978 3022 e.
999 2965 1091 3022 Bords
1111 2969 1236 3036 flumen,

130 3055 210 3132 quod
241 3054 388 3130 Weslerga
418 3056 456 3111 ab
487 3059 603 3130 Astsrga
631 3053 754 3127 dirimit)
794 3061 897 3110 castra
921 3074 1057 3128 ponens,
1086 3055 1235 3132 Pmoonem

131 3146 272 3221 uentilem
302 3144 407 3200 diesem
437 3144 563 3199 illamem
584 3143 747 3214 interfecit.
766 3145 934 3199 exercitum
953 3142 1130 3203 Frisiorum
1143 3167 1235 3222 pros-
1290 3199 1292 3203 .

131 3235 242 3296 travit,
253 3235 360 3306 sana
390 3251 521 3288 eorum
548 3231 784 3288 idolatriae
804 3235 948 3288 contrivit
967 3241 1056 3307 atque
1076 3239 1235 3293 combussit

130 3325 212 3399 igni.
232 3321 377 3396 Boucquel
398 3319 437 3377 ΙΙ.
458 3340 485 3396 p.
508 3319 580 3384 4553
604 3317 789 3375 Willibaldus
808 3321 840 3375 in
860 3319 927 3375 vua
939 3319 969 3376 S.
982 3319 1134 3388 bonifacii,
1144 3343 1233 3398 quom

130 3411 244 3469 saeculo
265 3409 344 3467 vlu.
365 3409 487 3484 scripsit,
516 3409 620 3465 referte
641 3408 707 3482 (vir
725 3417 841 3464 sanctus
861 3427 938 3464 anno
957 3408 1026 3482 755)
1038 3430 1101 3485 per
1120 3431 1232 3471 ornnem

129 3501 271 3559 Fresiam
290 3499 322 3573 (i.
343 3517 368 3554 e.
387 3498 507 3554 Frisium
529 3498 604 3554 inter
623 3496 741 3554 Flevum
762 3506 789 3554 st
808 3496 955 3554 Loubaohi
975 3498 1073 3574 sitam)
1089 3520 1230 3577 pergens,

131 3592 252 3648 uerbum
282 3588 417 3650 llomiui,
439 3588 594 3661 paganico
626 3588 743 3660 raceelso
773 3588 840 3644 ritu
860 3595 889 3643 et
908 3606 1027 3644 erroneo
1046 3594 1232 3664 qeutilitatis

127 3697 212 3734 neore
236 3678 398 3738 destructo.
418 3678 569 3732 instanter
581 3677 794 3750 praedicabat,
814 3679 1004 3752 ecclesiasque
1022 3683 1145 3736 numine
1163 3701 1229 3738 con·

116 3769 231 3842 fracto
260 3766 528 3834 delubrorum
558 3767 674 3839 inuenti
704 3765 806 3821 studio
816 3766 1002 3839 fabricauit,
1023 3764 1098 3840 Mon.
1119 3768 1151 3826 G.
1173 3770 1227 3828 SS.

128 3855 168 3914 ss.
188 3874 218 3931 p.
240 3853 312 3918 3493
335 3853 471 3910 litfridus
492 3853 524 3927 (†
543 3852 613 3927 849)
634 3853 665 3907 in
686 3853 753 3910 Vita
773 3853 803 3910 S.
823 3852 958 3928 Liudgsri
980 3851 1004 3910 Ι.
1025 3872 1049 3910 c.
1075 3857 1123 3914 111:
1140 3865 1226 3918 misit

127 3945 280 4002 Albricus
299 3942 332 4016 (†
352 3939 421 4016 782)
440 3941 624 4018 Liutyerum
644 3949 672 3996 et
691 3943 768 3998 alios
787 3960 885 3998 seruos
903 3942 963 3998 Bci
982 3941 1029 4016 (cx
1052 3943 1229 4017 berenicis),

125 4043 165 4093 ut
194 4034 383 4090 destruerent
404 4034 513 4106 sana
539 4033 705 4088 deorum
734 4039 762 4087 et
789 4035 897 4088 uarias
917 4034 1056 4090 culturas
1077 4018 1228 4096 idolomem

124 4127 164 4181 in
192 4131 277 4199 qeute
295 4120 467 4178 Fresonum.
507 4121 558 4177 At
578 4123 629 4178 illi
648 4124 730 4178 iussa
750 4124 924 4196 conplentes,
941 4125 1112 4180 attulerunt
1141 4147 1228 4205 may.

126 4232 202 4271 num
230 4214 406 4269 thesaurum
437 4213 475 4274 ei,
504 4229 589 4285 quem
610 4213 652 4266 -in
683 4212 877 4267 delubris
907 4214 1093 4276 inuenerant,
1112 4234 1151 4273 ea
1171 4238 1228 4292 quo

127 4301 264 4360 Karolus
293 4303 460 4374 imperator
495 4301 574 4356 dieas
597 4309 703 4374 partes
731 4302 856 4372 accepit,
877 4303 1000 4358 tertiam
1021 4322 1090 4360 uero
1108 4317 1228 4378 partem

115 4392 173 4452 ad
201 4410 275 4448 ersus
304 4409 372 4447 suos
401 4391 568 4448 Albricum
597 4393 729 4482 recepere
752 4393 921 4464 proecepit,
949 4389 1026 4448 Mon.
1058 4393 1090 4452 G.
1113 4395 1165 4454 SS.
1186 4398 1226 4466 Ι).
