3156 5464
359 575 420 638 154
766 569 882 634 Innux
903 569 1045 635 Renum.

397 769 426 827 8.
447 768 485 832 93
506 764 592 823 uitam
613 760 696 822 suam
716 763 790 839 (fur)
810 766 902 842 pretio
921 763 1045 822 redimet
1065 766 1156 826 Add.
1175 766 1202 833 1.
1222 765 1259 831 33
1277 767 1302 823 si
1322 769 1388 842 quir
1408 769 1471 826 fal-

400 876 462 914 sum
491 863 702 912 sacramentum
721 855 868 919 iurauerit.
889 853 926 910 ad
946 864 1057 930 partem
1076 855 1151 932 regis
1172 857 1358 932 weregildum
1378 878 1471 916 sutum

400 943 563 1020 eomponet,
589 952 617 1001 et
645 943 702 1000 alio
730 944 883 1020 weregildo
913 961 1032 1000 manum
1053 963 1134 1001 suam
1155 946 1278 1002 redimat
1297 945 1334 1008 X.
1355 948 1388 1008 13
1408 947 1470 1003 nisi

402 1035 535 1092 dominus
566 1031 585 1088 4
614 1031 712 1088 solidis
742 1034 850 1090 corium
882 1032 956 1090 servi
985 1033 1128 1091 redimere
1148 1035 1269 1091 uoluerit
1288 1034 1346 1100 ΙΠ,
1366 1035 1394 1094 7.
1418 1034 1470 1110 Os.

402 1125 472 1188 vita.
491 1140 606 1186 manus,
624 1123 744 1178 oorium.

364 1213 501 1290 regio:
529 1220 557 1268 et
578 1213 632 1267 hoo
651 1211 683 1267 iu
702 1209 802 1266 eadem
824 1209 941 1286 regione
959 1209 1055 1266 taliter
1074 1212 1241 1267 observetur
1260 1211 1324 1275 XV.
1343 1215 1439 1269 inser.

362 1302 587 1377 reliquium
609 1301 773 1376 euperliu)
793 1299 923 1374 reliquiis
942 1309 1106 1356 sauctorum
1126 1301 1224 1357 iurare
1244 1301 1281 1367 Χ,
1304 1301 1328 1360 l.
1349 1303 1418 1366 XII.
1443 1303 1470 1358 1.

400 1391 480 1457 XIV,
509 1391 545 1455 33
574 1391 607 1447 iu
633 1391 763 1465 reliquiIs
792 1389 868 1446 iuret
889 1387 943 1452 III,
964 1389 1001 1452 ὃς
1021 1409 1096 1464 quae
1116 1399 1203 1446 sortes
1222 1409 1308 1466 super
1327 1391 1470 1466 reliquias

400 1481 552 1556 (reliquias
582 1482 759 1550 sauctorum)
779 1478 935 1534 mittuntur
956 1477 1034 1542 ΧΠ,
1058 1479 1091 1543 l;
1114 1489 1201 1535 sortes
1220 1479 1351 1554 reliquiis
1370 1480 1469 1556 impo-

400 1567 510 1627 nantur
529 1568 610 1631 ΧΠ,
631 1567 656 1624 l.
670 1588 706 1641 p.
730 1568 774 1624 tt.
797 1565 843 1640 Cf.
864 1576 1086 1626 sacramentum.

360 1661 604 1718 remittere:
634 1657 657 1713 si
686 1656 807 1713 botellus
835 1655 1007 1730 (testiculus)
1037 1655 1142 1713 iterum
1163 1658 1284 1713 interius
1304 1658 1347 1732 (iu
1367 1657 1467 1714 locum

399 1750 496 1820 suum)
516 1747 673 1804 remittitur
691 1744 789 1810 XXII,
808 1744 855 1801 56.
875 1743 922 1807 59.

360 1835 669 1896 remuneratior
690 1835 714 1890 si
744 1835 809 1909 quis
840 1835 871 1889 in
904 1853 1009 1908 aquam
1041 1834 1211 1912 prolapsum
1242 1834 1420 1898 liberaverit,
1449 1835 1468 1890 l

398 1927 450 1984 sol.
469 1925 733 1982 remunerationem
753 1923 872 1998 adcipiat
892 1922 989 1986 XXII,
1008 1921 1057 1981 87.
1079 1921 1126 1998 Os.
1151 1943 1266 1980 meroes.

359 2035 442 2074 rese
470 2033 531 2071 rem
560 2033 650 2088 quam
680 2012 799 2068 abstulit
828 2013 957 2068 restituet
977 2012 1013 2087 (si
1034 2031 1079 2067 res
1099 2013 1219 2088 grandis
1238 2021 1300 2068 erat
1320 2013 1386 2088 ete.)
1408 2012 1468 2076 ΙΙΙ,

398 2104 427 2162 3.
458 2102 485 2160 5.
515 2103 553 2166 7;
582 2103 605 2158 si
625 2101 690 2175 quis
710 2119 770 2156 rem
790 2101 949 2174 quamlibet
970 2101 997 2155 ri
1016 2101 1146 2176 rapuerit
1165 2100 1247 2164 VIII,
1270 2101 1303 2163 Ι,
1322 2101 1345 2156 si
1366 2121 1468 2157 servus

398 2211 459 2249 rem
490 2191 651 2266 quamlibet
680 2190 790 2245 furasse
820 2189 933 2244 dicatur
963 2188 1032 2253 XII,
1064 2189 1088 2245 l.
1119 2187 1154 2250 23
1175 2199 1327 2266 componat
1346 2189 1468 2245 domino

399 2281 479 2337 iuxta
508 2279 699 2353 quantitatem
731 2297 789 2353 qua
809 2297 870 2334 rem
891 2278 951 2333 eius
972 2278 1006 2351 (i.
1027 2297 1050 2334 e.
1071 2297 1131 2333 rem
1153 2279 1333 2353 praestitam)
1354 2279 1468 2354 inpeio·

398 2371 474 2426 revit
494 2367 581 2426 Adri.
601 2368 639 2432 X.
660 2368 672 2423 I
695 2376 723 2424 et
742 2370 851 2432 tneor-'5
870 2366 906 2422 de
926 2368 1012 2423 rebus
1030 2366 1159 2442 fugitivis
1179 2365 1268 2426 Add.
1287 2366 1355 2431 VII,
1370 2370 1466 2424 inser.

278 2494 282 2502 ·
400 2457 448 2530 Os.
470 2457 613 2514 utensilia.

361 2546 644 2622 responderes
676 2545 746 2599 dioit
776 2543 982 2616 (calumnians)
1010 2542 1146 2599 domiuus
1176 2544 1316 2618 (liti)...;
1347 2563 1466 2618 respon·

400 2637 466 2692 deat
492 2635 560 2690 litus
589 2643 641 2690 ete.
661 2632 714 2694 XI.
735 2631 771 2696 23
790 2641 824 2688 et·
839 2632 887 2688 ille
908 2635 943 2706 (i.
964 2651 987 2688 e.
1007 2631 1221 2708 interpellatus)
1241 2632 1266 2688 si
1285 2633 1466 2708 responderit

398 2733 425 2782 et
446 2724 561 2789 dixerit,
578 2732 632 2781 ete.
653 2721 732 2787 ΧΠ,
750 2721 779 2779 ¹it.

362 2813 621 2872 restituere:
652 2811 730 2887 quod
759 2810 889 2874 abstulit,
918 2809 948 2865 in
979 2809 1103 2885 duplum
1133 2811 1263 2872 restituat
1293 2810 1349 2875 111.
1380 2810 1466 2868 2-4.

399 2903 483 2968 VIII.
505 2903 538 2967 I;
558 2901 638 2958 aliud
657 2901 751 2956 simile
771 2900 916 2955 inlocum
937 2900 1066 2955 restituat
1085 2899 1137 2964 IX,
1160 2899 1204 2956 ll.
1228 2897 1274 2973 Of.
1296 2899 1428 2956 reddere.

242 3033 244 3037 -
362 3012 475 3050 reuse
505 2993 528 3047 si
558 3010 654 3048 seruus
674 2989 744 3045 furti
766 3007 830 3044 reus
850 3007 910 3044 esse
929 2987 1042 3043 dicatur
1062 2985 1173 3051 ttt‚5;
1192 2987 1242 3043 ille
1262 2989 1349 3044 homo
1369 2990 1464 3045 homi-

399 3081 467 3138 eidii
497 3099 562 3136 reus
582 3087 622 3134 est
642 3076 722 3140 ΧΠ,
741 3075 776 3138 53
797 3077 888 3133 alium
913 3076 1060 3132 homioidii
1080 3095 1162 3132 reum
1182 3075 1311 3152 ostendat
1332 3077 1414 3142 ΧΠ,
1434 3075 1464 3135 4.

402 3169 449 3243 Os.
471 3169 619 3231 inponens,
638 3173 795 3241 suspectus,
814 3167 970 3230 coufessus,
989 3165 1146 3230 mauriolus,
1167 3165 1379 3241 depublicatus‚
1396 3185 1464 3241 pro·
1576 3215 1577 3232 ,

384 3274 387 3280 ·
398 3261 493 3319 batus.

360 3347 545 3420 reverti:
575 3345 599 3402 si
629 3352 708 3400 extra
727 3341 852 3418 patrium
872 3341 1005 3399 venditus
1024 3361 1153 3399 reversus
1173 3343 1260 3398 fuerit
1279 3341 1361 3406 ΧΧΙ,
1385 3342 1418 3407 13
1438 3343 1463 3398 si

400 3436 557 3513 (coniuges)
577 3433 612 3489 ad
634 3433 756 3489 inuicem
775 3431 883 3487 fuerint
902 3431 1008 3503 reversi
1029 3429 1117 3488 Add.
1137 3429 1193 3495 ΙΙΙ,
1212 3429 1265 3494 78;
1286 3431 1378 3487 donee
1397 3449 1462 3487 euru

374 3521 377 3525 ’
399 3523 570 3604 propinquis
598 3521 705 3596 (eooisi)
732 3520 906 3594 ingratiam
927 3527 1087 3576 revertatur
1106 3519 1147 3582 ΙΙ,
1166 3517 1193 3575 3.
1215 3517 1244 3576 6.
1262 3519 1291 3574 7.
1312 3522 1348 3592 (e'.
1368 3539 1392 3577 e.
1411 3519 1464 3575 do-

400 3632 454 3671 nee
473 3631 502 3668 se
521 3629 588 3667 oum
608 3609 648 3665 eis
667 3608 831 3664 reconciliet
850 3607 890 3672 ΙΙ,
910 3606 951 3681 5).

360 3717 580 3762 rerooaree
610 3705 691 3754 extra
722 3696 847 3772 patriam
868 3695 1015 3753 venditum
1034 3696 1073 3751 ub
1092 3695 1177 3752 exilio
1197 3713 1329 3752 reuocare
1348 3695 1463 3753 studeat

359 3899 450 3939 rere
480 3880 550 3934 leaeo
579 3873 741 3931 constitutio
769 3893 806 3930 ex
834 3873 927 3930 edioto
956 3873 1031 3948 regis
1050 3873 1184 3949 prooessit
1204 3870 1272 3938 VII,
1292 3871 1331 3937 23
1353 3874 1377 3929 si
1397 3873 1462 3947 quis

389 3971 525 4046 tegetum
556 3961 630 4040 regis
660 3963 704 4020 rel
734 3963 816 4018 duois
836 3963 969 4020 oooiderit
988 3961 1085 4026 xvss.
1104 3959 1142 4026 33
1161 3961 1276 4018 leudem
1297 3981 1380 4019 suam
1401 3963 1464 4038 regi

395 4064 548 4133 oomponat
567 4054 605 4119 V.
624 4051 656 4114 23
676 4051 713 4108 ad
733 4061 846 4128 partem
866 4052 940 4128 regis
960 4071 1013 4128 pro
1032 4051 1114 4108 freda
1135 4060 1289 4128 componat
1309 4051 1464 4125 (exsoluat)

398 4147 455 4211 ΙΙΙ,
475 4145 559 4210 2-4,
578 4143 609 4207 8,
639 4141 691 4204 ΙΧ,
713 4140 738 4198 i.
758 4141 787 4202 8.
810 4140 927 4198 14-17.
957 4141 993 4206 X,
1016 4140 1041 4196 l.
1073 4140 1150 4204 ΧΠ,
1170 4139 1197 4198 3.
1218 4140 1246 4196 7.
1267 4137 1363 4206 XVII.
1384 4139 1411 4196 4.
1431 4139 1463 4200 5.

397 4236 476 4300 ΧΧΙ,
510 4235 534 4292 l.
558 4219 658 4297 XXII,
686 4228 734 4290 65.
761 4227 811 4288 82.
843 4225 932 4287 Add.
963 4229 990 4294 Ι,
1021 4230 1049 4286 2.
1072 4229 1128 4294 ΙΙΙ,
1147 4227 1193 4286 76.
1215 4228 1284 4292 vlt,
1305 4228 1403 4304 ltus·
1422 4229 1462 4286 ad

367 4334 506 4404 'partem
538 4322 712 4384 dominicam
741 4341 764 4378 e.
795 4339 823 4378 o.
843 4319 1020 4383 dominicare
1045 4319 1134 4376 solvat
1152 4337 1220 4375 euru
1241 4321 1276 4391 (ι’.
1297 4338 1321 4376 e.
1338 4317 1463 4378 fratrom

394 4415 542 4486 eooiaum).
571 4412 649 4486 quod
678 4413 702 4468 si
731 4428 784 4467 neo
814 4428 872 4465 uua
903 4409 939 4465 de
959 4408 1004 4465 his
1023 4406 1156 4499 personis
1171 4406 1272 4484 fuerit.
1289 4406 1328 4464 ad
1348 4415 1463 4484 partem
