3144 5460
506 571 577 618 Lex
596 568 801 618 ammonuit.
1153 567 1215 618 m

110 775 270 842 additamz
295 787 323 841 et
346 777 420 842 loeo
443 788 486 841 ast
509 777 622 862 simpla
645 777 822 860 comportato
846 777 881 840 de
897 776 1074 842 lomioidiia
1121 773 1214 842 Ana·

109 895 197 948 tores
229 879 414 946 Additionis
445 882 705 968 compositionem
730 881 982 967 antiquissimam
1005 881 1095 947 nullo
1118 879 1213 947 modo

111 987 257 1072 simplam
283 985 593 1073 diaere'potuissent,
618 987 677 1054 nisi
702 998 780 1052 tuno
804 987 1014 1074 multiplicata
1037 987 1116 1052 iuris
1139 986 1213 1053 Fri·

112 1093 169 1158 sioi
204 1092 334 1172 fuisset,
367 1115 405 1158 aa
440 1093 595 1161 nonnulla
630 1093 774 1180 capitula
805 1093 891 1158 tituli
922 1092 980 1158 III
1009 1091 1213 1171 Additionis,

111 1197 168 1285 qui
201 1199 372 1284 inscriptus
404 1208 469 1262 est:
517 1199 588 1262 Hoo
611 1209 705 1263 totam
728 1200 761 1261 a'a
785 1198 878 1284 triplo
902 1209 1116 1284 componatur,
1142 1215 1214 1263 ver·

111 1303 161 1367 bis
184 1305 218 1365 ia
240 1304 351 1389 simplo
375 1325 554 1388 oompoaore
578 1326 616 1368 eo
641 1302 745 1366 animo
762 1314 907 1380 utuntur,
931 1314 968 1368 ut
989 1301 1096 1368 dicant
1110 1303 1214 1368 mulo·

112 1419 176 1472 tam
202 1407 366 1493 antiquam
382 1406 469 1470 haud
485 1407 675 1493 triplicatam
692 1429 780 1472 more
796 1417 906 1472 vetere
922 1430 990 1472 esse
1010 1407 1214 1485 solvendam3

111 1511 257 1577 conferas
293 1511 380 1576 Add.
416 1511 482 1576 III.
512 1534 537 1575 o.
564 1514 626 1578 68:
661 1515 689 1576 sl
723 1514 842 1576 animal
864 1514 981 1577 homini
1003 1514 1110 1578 oalaae
1133 1518 1214 1580 iata-

111 1619 195 1696 lara‘t,
222 1619 363 1682 dominus
386 1619 451 1682 aias
473 1621 561 1682 irrata
585 1619 762 1702 qualitatem
784 1618 917 1683 vulneris
939 1619 972 1683 ia
995 1620 1105 1704 simplo
1133 1641 1214 1686 aom-

106 1745 228 1808 poaara
250 1724 414 1798 iudicatam
439 1721 525 1786 Add.
549 1722 616 1787 III.
643 1724 701 1787 69:
726 1725 754 1786 ai
767 1723 873 1787 laomo.
889 1770 896 1786 .
913 1736 1016 1788 aetra
1032 1726 1214 1790 voluntatem

113 1828 192 1914 {telo
227 1827 324 1892 alium
362 1826 608 1914 vulneraverit),
649 1831 682 1892 ia
705 1828 816 1914 simplo
840 1831 927 1893 iaxta
951 1831 1124 1912 qualitatem
1148 1831 1215 1896 rarl-

112 1936 193 2000 nara's
224 1945 444 2017 comportatum
472 1931 559 1998 Add.
583 1932 650 1998 III.
677 1934 738 1998 70:
763 1936 792 1996 ei
808 1957 908 2019 puer,
933 1937 1145 2020 qainondam
1171 1938 1213 2001 12

113 2062 210 2104 aanor
232 2039 336 2117 labet,
360 2038 478 2104 ouilidat
501 2038 608 2102 valnas
631 2038 783 2117 intulerit,
805 2041 837 2102 ia
862 2039 972 2124 simplo
996 2053 1168 2126 componat.

160 2143 242 2208 Tres
274 2142 427 2207 habemus
455 2141 575 2228 gradus
600 2141 771 2230 weregeldi
796 2141 908 2208 Frisioi
933 2144 964 2208 in
989 2145 1092 2220 tribus
1116 2146 1215 2230 parti·

113 2247 174 2312 bus
199 2247 278 2334 legis
301 2246 501 2312 Frisiorum:

254 2351 387 2438 simplex
413 2353 628 2440 weregeldum
652 2355 685 2418 in
709 2354 780 2441 lege
804 2355 1023 2439 antiquissima
1030 2377 1039 2432 3

254 2457 374 2545 duplex
398 2458 613 2547 weregeldum
637 2460 668 2524 in
693 2457 834 2524 secunda
858 2460 937 2548 legis
960 2471 1069 2547 parte;

253 2563 370 2649 triplex
393 2563 610 2654 weregeldum
632 2566 665 2630 in
690 2563 867 2631 Additione
890 2565 979 2652 legis.

162 2668 475 2750 Quaeramus,
516 2694 603 2756 qno
644 2681 858 2758 tempore
898 2671 996 2737 sint
1040 2672 1221 2748 eonsti-¹

114 2784 250 2839 tutae
285 2785 384 2840 tres
420 2787 585 2860 partes
621 2776 746 2861 legis
777 2775 1070 2854 Prisianum,
1096 2799 1219 2862 qnae:

115 2880 308 2946 ratione
344 2878 475 2946 dieta
510 2881 640 2946 inter
677 2903 721 2945 se
757 2878 1019 2948 differunt=

161 2983 188 3050 L
237 2984 333 3051 Lex
367 2985 643 3052 Frisionum
679 2987 1073 3072 antiquissima⁴⁹
1098 2987 1140 3054 ad
1164 3010 1215 3054 so·

115 3091 178 3157 lam
209 3090 346 3157 Frisium
377 3093 514 3158 mediam
541 3093 697 3179 pertinet,
721 3091 804 3157 hane
828 3093 869 3158 ob
892 3116 961 3159 rem
985 3115 1056 3160 eam
1080 3116 1215 3181 oonaep-

116 3207 181 3262 tam
217 3219 285 3262 esse
320 3197 492 3277 arbritror,
526 3208 696 3284 postquam
732 3197 837 3264 Frisia
861 3199 984 3280 media,
1007 3221 1114 3286 neque
1137 3221 1215 3266 vero

116 3301 222 3368 Frisia
252 3302 429 3384 orientalis,
462 3327 561 3390 regno
593 3303 794 3370 Francorum
825 3314 896 3369 erat
926 3304 1086 3382 subiecta,
1109 3303 1143 3369 id
1167 3315 1216 3370 est

115 3408 200 3474 inter
231 3430 330 3474 annos
365 3409 430 3474 734
463 3420 498 3474 et
528 3395 604 3474 7'85.
651 3407 794 3474 Similins
826 3419 934 3476 autem
966 3410 1034 3476 veri
1069 3407 1216 3490 videtur,

116 3510 222 3598 legem
256 3511 508 3595 antiquissimam
541 3510 611 3597 ipso
647 3531 729 3576 anno
767 3511 851 3590 734,
886 3533 952 3598 quo
983 3509 1090 3581 Frisia
1112 3515 1216 3583 modia

117 3614 251 3680 Francis
281 3615 423 3681 subiecta
455 3627 519 3696 est,
551 3615 604 3682 vel
628 3617 718 3682 annis
742 3617 886 3704 proxime
910 3619 1117 3704 sequentibus
1141 3643 1216 3689 oon·

114 3773 255 3786 Μ

152 3898 184 3942 49
218 3893 318 3956 Legem
346 3891 552 3957 antiquissimam
578 3907 636 3944 eam
662 3900 762 3958 partem
789 3893 855 3958 legis
882 3895 1030 3946 Frisiorum
1049 3897 1122 3956 dieo,
1141 3911 1219 3962 quarn

116 3987 201 4037 nsque
223 3972 367 4035 secundas,
384 3987 469 4036 nequa
493 3972 586 4023 tertias
611 3973 678 4037 legis
693 3973 763 4038 parti
778 3973 919 4038 vindicem
936 3975 955 4024 i.
972 3989 996 4026 a.
1011 3977 1114 4026 titulum
1131 3977 1144 4026 1
1162 3977 1220 4041 (ex-

119 4054 198 4105 alnsis
210 4054 297 4104 vorbis
314 4067 381 4118 qnae
398 4067 478 4118 snpra
494 4067 521 4117 p.
536 4052 619 4104 XXX
637 4054 774 4116 adnotavi,
792 4061 818 4105 et
834 4055 954 4120 capitalis
975 4059 997 4106 l.
1013 4062 1037 4106 ³.
1054 4062 1079 4106 4.
1096 4062 1120 4106 5.
1138 4063 1162 4108 8.
1182 4063 1220 4110 1⁰.

122 4140 151 4184 12
176 4143 202 4184 et
226 4139 257 4183 21
285 4141 344 4184 sunt
369 4135 511 4200 apposita),
529 4133 568 4184 tit.
584 4133 614 4184 11
631 4139 754 4200 (excepta
771 4135 905 4188 additione
923 4137 956 4188 ad
974 4151 1031 4203 cap.
1052 4138 1104 4202 10),
1120 4138 1160 4189 tit.
1177 4138 1221 4189 Ill

120 4215 189 4280 (exo.
216 4225 239 4265 o.
263 4221 278 4266 8
304 4221 329 4266 et
355 4217 400 4280 9),
425 4216 464 4267 tit.
488 4211 530 4264 IV
548 4213 617 4279 (exo.
635 4231 656 4265 o.
675 4216 771 4281 2—8),
787 4215 827 4266 tit.
843 4213 885 4278 V,
904 4215 960 4279 VI,
976 4214 1032 4267 VII
1048 4217 1118 4281 (exe.
1135 4235 1157 4269 o.
1175 4222 1221 4285 2),

119 4295 188 4346 VIII
214 4295 285 4360 (exo.
311 4295 392 4360 add),
418 4295 459 4346 IX
486 4297 558 4357 (exo.
583 4310 605 4345 o.
626 4298 755 4362 14-17),
772 4297 812 4358 X,
834 4296 978 4360 X1,X1V
996 4300 1065 4363 (oxa.
1083 4310 1105 4349 o.
1123 4301 1220 4366 emt),

119 4375 204 4438 XIX,
220 4375 289 4426 XXl
308 4377 377 4441 (axo.
393 4376 477 4428 verbis
495 4376 562 4426 tituli
581 4376 729 4441 extremis),
747 4376 840 4428 XXII.
