3158 5464
466 613 494 676 T
518 631 530 675 1
553 629 584 677 r.
604 611 702 677 XIV.
745 618 758 697 ᾗ
784 617 872 676 1-7.
1189 617 1229 679 59

168 811 181 845 ⁸
222 809 290 867 ller.
321 813 488 871 inescatum
510 827 565 886 pro
583 811 747 870 inottatur.
765 807 786 862 i.
806 827 832 864 e.
847 809 1022 873 innotatura
1044 809 1231 887 lindenbrog

126 899 242 958 emend.
263 900 471 975 diynoeoatur.

169 991 181 1025 ⁹
226 988 331 1065 Signet
359 991 448 1063 aa'gno
476 1004 540 1049 auo.
560 984 580 1041 i.
600 1003 626 1042 e.
645 985 737 1060 signet
756 985 838 1060 signo
858 1004 909 1043 suo
928 986 1043 1052 usitato,
1063 988 1141 1065 apud
1161 988 1233 1047 Ger·

127 1089 230 1136 manos
259 1077 431 1134 reoontioros
457 1075 660 1137 hottoeeieltem
679 1075 872 1138 haecomm‘lce.
891 1076 1059 1149 ltofmarlre.
1080 1079 1233 1136 bomoerlee

126 1168 214 1225 dioto.
255 1164 352 1242 Signis
381 1165 421 1221 ita
452 1163 618 1225 nominatis,
647 1163 723 1220 notis
751 1181 896 1220 ranarum
916 1165 1054 1240 cognatis.
1072 1166 1231 1226 liundorum

125 1275 299 1334 possessores
328 1256 362 1314 in
383 1255 537 1314 Germania
558 1262 651 1310 vetere
671 1271 716 1310 res
736 1273 802 1310 suas
821 1254 934 1330 signare
953 1254 1094 1323 solebant,
1113 1275 1231 1316 eornm-

127 1363 186 1421 que
216 1346 393 1403 mentionem
423 1344 534 1400 faoiunt
560 1343 635 1418 legor
665 1341 836 1400 Germaniae
855 1342 1070 1409 vetustissimae,
1090 1345 1154 1403 vide
1172 1348 1229 1424 leg.

127 1435 203 1493 Fris.
231 1431 311 1498 xlv,
344 1433 370 1498 1,
397 1433 454 1510 leg.
484 1429 1013 1506 sn.ffl111‚2(oonf.tdnn.in
1032 1433 1164 1492 Merkelii
1184 1436 1231 1494 etl.

131 1523 157 1581 l;
180 1522 240 1582 Sal.
259 1541 290 1599 p.
310 1519 420 1595 nme)
439 1531 466 1579 et
485 1520 540 1597 leg.
563 1520 664 1598 Wisig.
685 1519 772 1585 VIII,
791 1519 820 1578 6.
840 1521 854 1596 ᾗ
877 1520 890 1576 l
912 1530 940 1578 ot
961 1524 1230 1584 manufirmationes

126 1613 161 1668 in
192 1611 351 1688 capitular.
380 1630 408 1669 e.
438 1609 496 1668 803
525 1628 551 1668 o.
584 1609 630 1672 19,
658 1608 736 1668 Mon.
764 1610 797 1667 G.
818 1609 876 1669 Lu.
896 1608 923 1670 l.
941 1631 972 1689 p,
994 1610 1058 1669 115.
1097 1612 1175 1689 Quae
1195 1613 1231 1672 do

127 1702 219 1778 signia
238 1700 362 1758 laudatis
380 1709 509 1776 tempore
528 1699 683 1757 reoontioro
703 1698 761 1756 sint
779 1699 904 1763 collecta.
924 1700 1072 1758 adnotavit
1092 1700 1233 1780 llomeyer

127 1809 209 1847 anno
243 1787 314 1847 1857
344 1789 376 1846 in
406 1789 474 1846 folio
494 1789 632 1865 inscripto
652 1788 711 1846 Itte
730 1787 964 1856 ffaoteneorkem
983 1790 1058 1848 addo
1077 1791 1234 1851 dissertati-

128 1896 216 1935 onom
245 1897 334 1954 quarn
364 1878 477 1954 soripait
508 1877 636 1950 llijkstra
668 1876 763 1934 »Oror
786 1877 989 1935 llandmerlreu
1009 1879 1041 1935 in
1060 1877 1230 1938 Friesland”

127 1968 163 2025 in
193 1987 209 2019 n
222 1966 262 2022 lto
292 1964 372 2040 Vrije
392 1964 490 2023 l'rias”
512 1964 707 2023 Leeuwarden
731 1963 816 2028 1858,
835 1965 918 2024 VIII.
937 1987 967 2042 p.
986 1966 1158 2033 255-2683
1179 1970 1234 2028 llo-

128 2073 230 2132 meyer
250 2043 329 2114 liber
358 2055 410 2112 das
440 2054 548 2112 Loosen
578 2072 645 2131 pag.
675 2052 714 2110 29
731 2048 956 2120 'commemorata
983 2056 1093 2114 inonlas
1121 2058 1235 2116 insulae

128 2145 219 2212 Febr,
248 2145 356 2202 Frisiae
387 2143 629 2222 septentrionalis,
658 2162 761 2218 eosque
794 2143 1004 2202 nonnullarum
1034 2147 1172 2205 villarum
1201 2149 1234 2204 in

128 2235 227 2290 littore
257 2234 345 2292 maris
367 2233 469 2290 Baltioi
488 2233 621 2297 sitarum,
639 2250 719 2289 more
740 2241 868 2289 vetorum
887 2235 988 2310 signis,
1007 2254 1082 2311 quao
1102 2237 1233 2294 himmer-

128 2323 190 2380 ken
212 2332 359 2388 vocantur,
377 2324 497 2380 sortium
517 2321 578 2378 loeo
598 2321 651 2379 uti.

173 2411 203 2447 ⁹*
242 2412 429 2488 Persectorio
457 2417 643 2468 sacramento
669 2429 699 2466 ae
723 2411 806 2467 debet
834 2430 990 2476 cammaro,
1018 2412 1039 2473 l.
1069 2412 1144 2472 llrie.
1163 2411 1232 2471 xlv

130 2521 157 2561 c.
190 2501 220 2567 2,
249 2503 370 2558 rorbum
383 2503 604 2577 perfectorium
623 2499 655 2556 in
668 2500 924 2574 pomfloatom'um
943 2501 1156 2559 emendandum
1176 2522 1236 2560 esso

130 2609 243 2655 oensem
271 2591 349 2650 conf.
377 2590 444 2649 Ind.
471 2590 537 2649 ller.
557 2609 580 2649 s.
601 2609 628 2647 r.
640 2591 865 2664 perfectoria&
884 2590 999 2648 credam
1022 2594 1140 2650 verbum
1154 2596 1236 2668 puri

128 2682 163 2738 in
193 2679 255 2738 MS.
286 2679 403 2742 llerold.
420 2699 473 2755 per
491 2677 662 2756 compendia
680 2677 818 2754 seriptum
838 2679 936 2744 fuisse.
956 2681 994 2741 of.
1014 2682 1123 2740 Annot.
1139 2681 1178 2740 82
1197 2681 1235 2740 ad

129 2770 176 2828 tit.
197 2763 256 2826 111⁸
279 2769 354 2825 ldd.
373 2769 443 2830 San.
462 2767 510 2828 35.

175 2856 205 2892 ¹⁰
247 2859 314 2916 llor.
336 2857 507 2932 roffeiciat.

176 2951 205 2984 ¹¹
252 2945 348 3004 Verba
377 2945 461 3004 llaec
491 2944 800 3008 teo...eustodttur‚
828 2963 904 3019 quae
932 2954 1000 3002 aunt
1028 2947 1180 3004 referenda
1198 2949 1237 3006 ad

131 3055 201 3114 oap.
232 3035 246 3090 l
277 3044 304 3092 et
335 3034 354 3090 2
383 3033 591 3096 anteoedentia.
620 3041 648 3106 et
677 3031 765 3092 verba
798 3032 956 3092 Gaetemcm
980 3038 1061 3092 irater
1080 3046 1144 3103 eto„
1162 3057 1237 3112 quae

129 3133 262 3201 spectant
281 3123 320 3180 ad
339 3141 401 3199 cap.
423 3122 453 3187 3,
471 3131 498 3178 ot
519 3122 636 3179 tandem
656 3122 744 3180 verba
765 3121 810 3178 Be
829 3123 931 3180 eadem
950 3144 983 3181 re
1003 3127 1237 3187 inter....tatis

130 3223 177 3272 eat
198 3213 386 3277 consuetudo,
404 3230 479 3286 quae
498 3212 644 3287 pertinent
663 3210 700 3267 ad
720 3229 783 3287 oap.
805 3210 888 3276 4-t‚
906 3214 1058 3270 manifesto
1077 3224 1106 3271 et
1122 3215 1240 3273 eviden-

131 3313 177 3360 ter
196 3301 362 3366 ostendunt.
379 3309 492 3377 panem
512 3299 590 3356 tituli
608 3298 678 3358 xlv
696 3298 766 3357 inde
785 3319 802 3354 a
823 3300 938 3357 vocibus
957 3301 1041 3358 Haec
1059 3302 1127 3359 Lero
1145 3322 1237 3378 usqua

129 3391 170 3448 ad
201 3391 305 3456 finem,
333 3389 391 3465 legi
421 3389 639 3463 antiquissimae
669 3387 833 3446 Frisionum
862 3389 1015 3464 posteriore
1037 3399 1165 3468 temporo
1185 3391 1234 3448 ad·

128 3481 269 3557 scriptam
289 3496 359 3537 osse·

175 3569 206 3605 ¹¹
250 3568 317 3625 ller.
336 3569 418 3642 quai,⁴
437 3563 622 3639 Lindenbrog
641 3563 755 3622 emend.
776 3566 830 3640 qni
847 3567 890 3623 in.

175 3656 207 3693 ¹³
250 3656 335 3714 Gonf.
353 3663 415 3713 not.
433 3654 473 3712 88
492 3653 529 3709 ad
549 3653 594 3711 tit
613 3651 649 3710 X.

175 3745 209 3800 l*
251 3745 343 3801 Locus
361 3742 497 3800 laudatus
515 3740 622 3819 legitur
641 3741 673 3798 in
694 3741 779 3800 titulo
798 3741 834 3800 Χ.

178 3834 209 3872 ¹⁵
252 3833 321 3910 Cap.
350 3830 423 3889 t-7
453 3831 598 3909 pertinent
629 3830 666 3888 ad
685 3828 809 3887 Frisium
838 3831 1019 3897 orientalem.
1036 3851 1125 3909 regno
1146 3834 1238 3893 Fran-

131 3943 236 3985 enrum
256 3940 334 3979 anno
352 3919 410 3980 785
430 3920 598 3985 subiectam,
618 3920 808 3996 quamobrem
826 3919 993 3997 negandum
1012 3929 1064 3986 est,
1083 3941 1117 3978 ea
1141 3923 1238 3999 priore

130 4019 636 4164 temporzpnffibpts'sehchmm
664 4095 780 4157 emend.
811 4097 902 4163 iubet,
922 4097 1025 4174 Geupp
1054 4099 1168 4159 amend.
1188 4101 1239 4159 de·

132 4196 231 4256 bere„

180 4281 210 4316 1'
253 4278 414 4336 Producat
433 4277 590 4341 lorninom,
618 4282 646 4331 ot
665 4277 762 4336 iuret.
774 4284 887 4336 ‚tenens
906 4295 974 4332 erem
986 4291 1047 4350 per
1066 4294 1152 4334 oram
1170 4282 1240 4356 aopi

132 4372 198 4428 aeci.
238 4367 346 4426 Eodem
375 4365 460 4424 modo
486 4364 590 4422 dieitur
609 4365 641 4420 in
662 4363 785 4442 Speculo
805 4364 911 4423 Saxon.
931 4363 959 4429 Ι.
978 4363 1034 4422 632
1053 4383 1113 4422 owe
1133 4365 1240 4443 lamp«

135 4460 220 4522 liltore
247 4458 361 4538 grio'tett
388 4456 470 4514 wille
498 4473 567 4511 men
596 4455 678 4513 einen
707 4463 837 4534 qenot...
863 4455 918 4512 dat
937 4456 972 4511 loe
991 4455 1039 4516 sik
1059 4457 1106 4512 ain
1126 4457 1239 4518 under.
