3144 5460
498 533 569 586 bsx
595 537 799 588 salmonum.
1133 545 1223 596 XXXI

268 741 309 806 ad
334 763 403 827 cap.
429 741 488 805 21:
514 743 600 808 Inter
623 744 824 808 Loooaotom
850 755 878 809 ot
908 745 1062 810 Wisurcm
1086 749 1230 814 dominas

310 847 391 912 sacci
423 869 484 909 aon
518 849 615 927 iacet,
650 849 705 914 scd
739 861 903 934 componat
941 872 1010 915 eum
1049 875 1085 918 oc
1111 856 1227 940 sicpsc

313 974 381 1017 cum
406 953 567 1017 occidisset.

171 1161 283 1228 Verba
317 1160 465 1238 laudata,
502 1184 585 1246 quae
621 1159 729 1228 titulo
753 1165 857 1252 primo
885 1165 966 1254 legis
990 1167 1228 1252 antiquissimae

124 1267 167 1332 ad
202 1267 340 1332 Frisium
375 1266 511 1330 mediam
546 1268 720 1352 pertinenti
755 1271 876 1336 inserta
913 1282 1006 1351 sunt,
1030 1295 1068 1338 ac
1092 1273 1132 1340 de
1156 1275 1228 1344 iure

123 1371 249 1436 Frisiae
280 1370 444 1436 orientalis
468 1381 499 1434 et
524 1369 727 1437 occidentalis
750 1374 946 1460 loquuntur,
969 1387 1114 1465 tempore
1138 1379 1230 1446 addi·

124 1477 221 1542 tionis
254 1499 322 1544 esse
355 1487 525 1562 concepta,
559 1501 599 1542 ex
633 1475 717 1543 dicto
741 1481 815 1546 hooc
844 1493 887 1546 est
908 1484 1023 1568 simplo
1054 1489 1229 1571 compositio

92 1587 93 1590 ’
125 1582 269 1646 coniicio.
317 1580 477 1666 Tempore
508 1581 588 1669 legis
624 1584 861 1668 antiquissimae
894 1635 914 1668 „
940 1589 1073 1676 simplae
1097 1613 1241 1680 compo-¹

125 1685 271 1753 sitiones''
301 1686 380 1752 iuris
412 1697 502 1752 erant
532 1687 567 1752 in
599 1687 722 1768 Frisia3
756 1675 920 1758 additione
941 1693 1022 1782 legis
1047 1699 1230 1784 compositi·

124 1815 202 1858 ones
238 1792 389 1876 antiquae
425 1800 500 1854 sunt
534 1790 730 1880 triplicatae,
766 1805 798 1860 ct
831 1797 937 1865 verbis
961 1799 1118 1887 principio
1143 1802 1230 1871 tituli

125 1898 221 1985 primi
256 1896 442 1982 antepositis
478 1897 551 1960 hacc
585 1910 628 1964 cst
662 1899 777 1984 simplo
812 1905 987 1987 compositio
1019 1907 1229 1993 exprimitur,

127 2004 371 2090 compositiones
402 2003 435 2066 in
468 2002 563 2067 titulo
596 2005 700 2090 primo
725 2005 920 2093 nominatas,
945 2009 1030 2095 ipsas
1055 2034 1124 2078 esse
1148 2015 1231 2079 anti-

128 2131 208 2195 quas
244 2131 283 2172 ac
318 2106 408 2172 nullo
444 2106 539 2171 modo
575 2118 733 2188 mutatae,
767 2133 851 2196 quae
876 2125 982 2179 autem
1005 2116 1039 2180 in
1064 2120 1156 2204 praxi
1180 2131 1231 2186 ter

128 2217 192 2281 sint
216 2209 389 2278 sumendae
414 2235 454 2276 ex
477 2212 548 2276 iure
572 2214 759 2280 recentiore.
806 2213 981 2304 Tempore,
1006 2245 1070 2306 quo
1094 2224 1149 2290 lex
1173 2249 1230 2292 an-

129 2320 283 2408 quissima
306 2317 434 2384 condita
458 2328 523 2395 est,
548 2319 685 2404 scriptor
709 2321 815 2388 verbis
839 2326 951 2411 simplo
976 2332 1152 2415 compositio
1181 2335 1230 2400 uti

128 2449 192 2492 non
225 2425 398 2512 potuisset,
430 2421 521 2487 nulla
544 2424 629 2488 enirn
653 2427 839 2512 compositio
863 2431 1074 2518 multiplicata
1098 2437 1131 2500 in
1156 2436 1230 2506 Fri-

129 2533 176 2596 sia
199 2540 270 2596 erat
292 2529 429 2617 cognita.
477 2523 677 2594 Sententiam
701 2530 895 2620 disputatam
920 2536 961 2602 de
985 2551 1142 2626 tempore,
1165 2568 1230 2629 quo

129 2637 230 2703 verba
267 2634 400 2699 laudata
437 2632 502 2718 legi
542 2634 604 2698 sint
645 2635 770 2715 addita,
812 2639 939 2706 firmant
977 2666 1071 2709 voces
1108 2649 1231 2714 donarii

130 2765 225 2808 noooc
248 2751 401 2817 monetas,
425 2737 465 2802 de
491 2737 608 2821 quibus
633 2741 777 2807 conferas
803 2744 887 2809 infra
914 2769 944 2830 p.
968 2748 1152 2820 XXXIX.

178 2846 378 2911 Additioncm
401 2844 573 2928 sapientum
596 2846 772 2928 posteriore
796 2856 940 2935 tempore
963 2852 1026 2940 legi
1045 2855 1230 2926 Frisionum

132 2951 325 3035 adscriptam
360 2969 446 3025 esse,
482 2946 580 3034 longe‘
614 2948 745 3034 plurimi
782 2969 1023 3038 concesserunt,
1049 2964 1105 3046 qui
1130 2962 1169 3030 de
1194 2991 1231 3035 ea

132 3057 345 3143 scripserunt,
370 3076 407 3118 ac
431 3075 482 3117 res
505 3052 550 3117 ita
573 3053 740 3120 manifesta
764 3068 811 3122 est
835 3071 868 3124 et
890 3061 1037 3147 plurimis
1061 3069 1232 3139 additionis

133 3143 413 3228 constitutionibus
445 3160 587 3238 firmata,
619 3171 655 3224 ut
679 3162 801 3230 nullam
825 3166 900 3230 mihi
925 3157 1157 3242 dubitationem
1181 3204 1233 3250 re..

133 3271 265 3353 linquat.

181 3372 369 3460 Capitulum
396 3371 439 3435 10
463 3369 549 3434 tituli
574 3369 611 3434 II
634 3371 715 3459 legis
739 3373 922 3442 Frisionum
945 3385 1121 3464 posteriore
1153 3399 1235 3458 tem.

134 3503 213 3568 pore
248 3479 313 3564 legi
349 3475 493 3540 additum
518 3498 555 3538 eo
580 3476 752 3559 probatur,
777 3481 863 3564 quod
888 3490 1143 3577 superscriptum
1167 3509 1236 3567 est:

135 3587 226 3652 Hooc
264 3583 458 3647 Wulcmocus
488 3582 628 3660 addidit,
661 3592 693 3646 et
724 3582 935 3670 Wulemarus
967 3595 1136 3667 maximam
1159 3627 1234 3689 par-

136 3705 201 3757 tem
226 3687 395 3755 additionis
420 3687 597 3772 sapientum
622 3686 688 3773 legi
711 3687 836 3756 adiecit.

181 3795 294 3862 Verba
328 3793 456 3857 tandem
492 3791 585 3856 titulo
610 3793 712 3879 primo
736 3795 815 3884 legis
839 3798 958 3867 inserta
982 3811 1133 3892 temporis
1160 3836 1235 3899 pos·

135 3903 261 3970 terioris
294 3922 362 3966 esse
395 3920 491 3984 quam
516 3897 622 3984 legem
645 3900 915 3984 antiquissimam,
939 3915 1135 3994 argumentis
1159 3918 1239 4005 ipsis·

136 4009 383 4085 demonstratur,
407 4025 490 4090 quae
515 4001 608 4067 attuli
633 4025 670 4068 eo
695 4006 825 4071 consilio
849 4023 887 4076 ut
911 4013 1121 4100 ostenderem,
1137 4027 1237 4098 verba

136 4115 256 4180 inserta
281 4111 394 4177 eodem
417 4120 560 4194 tempore
584 4107 703 4195 scripta
727 4134 796 4177 esse
821 4137 885 4200 quo
910 4118 1030 4186 additio
1051 4127 1240 4213 sapientum.

184 4217 250 4286 Sed
275 4218 338 4283 iam
362 4215 437 4280 satis
462 4213 563 4278 multa
588 4211 626 4278 de
651 4214 712 4280 hac
734 4229 827 4306 parte
851 4223 1066 4308 capitulorum
1091 4235 1143 4300 vel
1167 4261 1242 4306 ver-

138 4325 252 4393 borum
285 4321 522 4409 antiquissimae
556 4320 622 4410 legi
646 4320 846 4408 additorum,
871 4350 967 4414 quam
993 4339 1118 4408 tertiam
1143 4345 1243 4414 totius
