<?xml version="1.0" encoding="UTF-8"?>
<!DOCTYPE html PUBLIC "-//W3C//DTD XHTML 1.0 Transitional//EN"
    "http://www.w3.org/TR/xhtml1/DTD/xhtml1-transitional.dtd">
<html xmlns="http://www.w3.org/1999/xhtml" xml:lang="en" lang="en">
 <head>
  <title>
</title>
<meta http-equiv="Content-Type" content="text/html;charset=utf-8" />
  <meta name='ocr-system' content='tesseract 3.04.00' />
  <meta name='ocr-capabilities' content='ocr_page ocr_carea ocr_par ocr_line ocrx_word'/>
</head>
<body>
  <div class='ocr_page' id='page_1' title='image "./delexfrisionumu00saxmgoog_0097.png"; bbox 0 0 3158 5464; ppageno 0'>
   <div class='ocr_carea' id='block_1_1' title="bbox 382 1477 984 1590">
    <p class='ocr_par' dir='ltr' id='par_1_1' title="bbox 382 1477 984 1590">
     <span class='ocr_line' id='line_1_1' title="bbox 382 1477 984 1590; baseline 0.003 -6"><span class='ocrx_word' id='word_1_1' title='bbox 382 1477 984 1590; x_wconf 76' lang='lat' dir='ltr'><strong>ANNOTATIONES</strong></span> 
     </span>
    </p>
   </div>
   <div class='ocr_carea' id='block_1_2' title="bbox 664 1737 691 1771">
    <p class='ocr_par' dir='ltr' id='par_1_2' title="bbox 664 1737 691 1771">
     <span class='ocr_line' id='line_1_2' title="bbox 664 1737 691 1771; baseline 0.037 -1"><span class='ocrx_word' id='word_1_2' title='bbox 664 1737 691 1771; x_wconf 78' lang='lat' dir='ltr'>IN</span> 
     </span>
    </p>
   </div>
   <div class='ocr_carea' id='block_1_3' title="bbox 249 1891 1108 1960">
    <p class='ocr_par' dir='ltr' id='par_1_3' title="bbox 249 1891 1108 1960">
     <span class='ocr_line' id='line_1_3' title="bbox 249 1891 1108 1960; baseline 0.007 -6"><span class='ocrx_word' id='word_1_3' title='bbox 249 1891 542 1958; x_wconf 68' lang='lat' dir='ltr'><strong>LEGEM</strong></span> <span class='ocrx_word' id='word_1_4' title='bbox 590 1891 1108 1960; x_wconf 63' lang='lat' dir='ltr'>mansionum.</span> 
     </span>
    </p>
   </div>
   <div class='ocr_carea' id='block_1_4' title="bbox 557 2153 788 2208">
    <p class='ocr_par' dir='ltr' id='par_1_4' title="bbox 557 2153 788 2208">
     <span class='ocr_line' id='line_1_4' title="bbox 557 2153 788 2208; baseline -0.004 -13"><span class='ocrx_word' id='word_1_5' title='bbox 557 2153 788 2208; x_wconf 61' lang='lat' dir='ltr'>——esssss-</span> 
     </span>
    </p>
   </div>
   <div class='ocr_carea' id='block_1_5' title="bbox 112 2404 1224 4102">
    <p class='ocr_par' dir='ltr' id='par_1_5' title="bbox 117 2404 1224 3024">
     <span class='ocr_line' id='line_1_5' title="bbox 168 2404 1222 2483; baseline 0.009 -21"><span class='ocrx_word' id='word_1_6' title='bbox 168 2407 176 2440; x_wconf 89' lang='lat'><strong>¹</strong></span> <span class='ocrx_word' id='word_1_7' title='bbox 225 2407 351 2466; x_wconf 82' lang='lat' dir='ltr'><strong>Verba</strong></span> <span class='ocrx_word' id='word_1_8' title='bbox 370 2405 473 2481; x_wconf 81' lang='lat' dir='ltr'>legis</span> <span class='ocrx_word' id='word_1_9' title='bbox 494 2404 744 2471; x_wconf 74' lang='lat' dir='ltr'>Frisiorum,</span> <span class='ocrx_word' id='word_1_10' title='bbox 764 2427 864 2483; x_wconf 83' lang='lat' dir='ltr'>quae</span> <span class='ocrx_word' id='word_1_11' title='bbox 891 2409 937 2466; x_wconf 88' lang='lat' dir='ltr'>ad</span> <span class='ocrx_word' id='word_1_12' title='bbox 957 2409 1131 2470; x_wconf 74' lang='lat' dir='ltr'>lirisiam</span> <span class='ocrx_word' id='word_1_13' title='bbox 1153 2433 1222 2472; x_wconf 81' lang='lat' dir='ltr'>me·</span> 
     </span>
     <span class='ocr_line' id='line_1_6' title="bbox 121 2494 1224 2576; baseline 0.007 -22"><span class='ocrx_word' id='word_1_14' title='bbox 121 2499 226 2554; x_wconf 76' lang='lat' dir='ltr'>diem</span> <span class='ocrx_word' id='word_1_15' title='bbox 268 2497 376 2552; x_wconf 90' lang='lat' dir='ltr'>inter</span> <span class='ocrx_word' id='word_1_16' title='bbox 415 2494 476 2550; x_wconf 78' lang='lat' dir='ltr'>uti</span> <span class='ocrx_word' id='word_1_17' title='bbox 517 2503 553 2551; x_wconf 89' lang='lat' dir='ltr'>et</span> <span class='ocrx_word' id='word_1_18' title='bbox 582 2495 790 2553; x_wconf 82' lang='lat' dir='ltr'><strong>Laubachi</strong></span> <span class='ocrx_word' id='word_1_19' title='bbox 833 2499 949 2556; x_wconf 80' lang='lat' dir='ltr'>sitam</span> <span class='ocrx_word' id='word_1_20' title='bbox 994 2503 1224 2576; x_wconf 80' lang='lat' dir='ltr'>pertinent,</span> 
     </span>
     <span class='ocr_line' id='line_1_7' title="bbox 121 2585 1222 2663; baseline 0.007 -19"><span class='ocrx_word' id='word_1_21' title='bbox 121 2587 284 2644; x_wconf 82' lang='lat' dir='ltr'>litteris</span> <span class='ocrx_word' id='word_1_22' title='bbox 317 2585 557 2661; x_wconf 75' lang='lat' dir='ltr'><strong>vulgaribus</strong></span> <span class='ocrx_word' id='word_1_23' title='bbox 586 2595 678 2641; x_wconf 92' lang='lat' dir='ltr'>sunt</span> <span class='ocrx_word' id='word_1_24' title='bbox 706 2586 920 2663; x_wconf 78' lang='lat' dir='ltr'>impressa,</span> <span class='ocrx_word' id='word_1_25' title='bbox 949 2589 1222 2652; x_wconf 81' lang='lat' dir='ltr'>litterisvero</span> 
     </span>
     <span class='ocr_line' id='line_1_8' title="bbox 120 2675 1220 2754; baseline 0.007 -20"><span class='ocrx_word' id='word_1_26' title='bbox 120 2677 298 2734; x_wconf 75' lang='lat' dir='ltr'>cursivis</span> <span class='ocrx_word' id='word_1_27' title='bbox 319 2693 417 2754; x_wconf 85' lang='lat' dir='ltr'>quae</span> <span class='ocrx_word' id='word_1_28' title='bbox 438 2675 714 2750; x_wconf 85' lang='lat' dir='ltr'>pertinentad</span> <span class='ocrx_word' id='word_1_29' title='bbox 734 2676 904 2735; x_wconf 77' lang='lat' dir='ltr'>Frisium</span> <span class='ocrx_word' id='word_1_30' title='bbox 923 2680 1220 2742; x_wconf 87' lang='lat' dir='ltr'>occidentalem</span> 
     </span>
     <span class='ocr_line' id='line_1_9' title="bbox 119 2765 1222 2842; baseline 0.005 -18"><span class='ocrx_word' id='word_1_31' title='bbox 119 2768 211 2842; x_wconf 82' lang='lat' dir='ltr'>(inter</span> <span class='ocrx_word' id='word_1_32' title='bbox 239 2766 283 2823; x_wconf 77' lang='lat' dir='ltr'><strong>ll&#39;li</strong></span> <span class='ocrx_word' id='word_1_33' title='bbox 313 2776 341 2822; x_wconf 88' lang='lat' dir='ltr'>et</span> <span class='ocrx_word' id='word_1_34' title='bbox 372 2765 536 2823; x_wconf 83' lang='lat' dir='ltr'><strong>Sinkialam</strong></span> <span class='ocrx_word' id='word_1_35' title='bbox 557 2765 671 2840; x_wconf 80' lang='lat' dir='ltr'>sitam),</span> <span class='ocrx_word' id='word_1_36' title='bbox 692 2766 752 2822; x_wconf 81' lang='lat' dir='ltr'>vel</span> <span class='ocrx_word' id='word_1_37' title='bbox 781 2768 825 2822; x_wconf 90' lang='lat' dir='ltr'>ad</span> <span class='ocrx_word' id='word_1_38' title='bbox 855 2767 1025 2826; x_wconf 80' lang='lat' dir='ltr'>Frisiam</span> <span class='ocrx_word' id='word_1_39' title='bbox 1045 2775 1222 2830; x_wconf 87' lang='lat' dir='ltr'>oriente·</span> 
     </span>
     <span class='ocr_line' id='line_1_10' title="bbox 119 2853 1218 2934; baseline 0.004 -19"><span class='ocrx_word' id='word_1_40' title='bbox 119 2858 194 2915; x_wconf 88' lang='lat' dir='ltr'>lem</span> <span class='ocrx_word' id='word_1_41' title='bbox 216 2857 305 2932; x_wconf 82' lang='lat' dir='ltr'>(inter</span> <span class='ocrx_word' id='word_1_42' title='bbox 324 2855 473 2912; x_wconf 85' lang='lat' dir='ltr'><strong>Laubachi</strong></span> <span class='ocrx_word' id='word_1_43' title='bbox 501 2863 528 2910; x_wconf 90' lang='lat' dir='ltr'>et</span> <span class='ocrx_word' id='word_1_44' title='bbox 558 2853 702 2910; x_wconf 82' lang='lat' dir='ltr'>Wisarnm</span> <span class='ocrx_word' id='word_1_45' title='bbox 732 2854 839 2930; x_wconf 83' lang='lat' dir='ltr'>sitam).</span> <span class='ocrx_word' id='word_1_46' title='bbox 879 2857 919 2914; x_wconf 85' lang='lat' dir='ltr'>lle</span> <span class='ocrx_word' id='word_1_47' title='bbox 946 2860 1078 2934; x_wconf 79' lang='lat' dir='ltr'><strong>partibus</strong></span> <span class='ocrx_word' id='word_1_48' title='bbox 1108 2859 1218 2920; x_wconf 76' lang='lat' dir='ltr'>Frisios</span> 
     </span>
     <span class='ocr_line' id='line_1_11' title="bbox 117 2941 1136 3024; baseline -0.006 -21"><span class='ocrx_word' id='word_1_49' title='bbox 117 2947 204 3003; x_wconf 83' lang='lat' dir='ltr'>dictis</span> <span class='ocrx_word' id='word_1_50' title='bbox 226 2946 288 3002; x_wconf 80' lang='lat' dir='ltr'>ride</span> <span class='ocrx_word' id='word_1_51' title='bbox 307 2944 565 3024; x_wconf 51' lang='lat' dir='ltr'>pr&#39;aeiationemgp.</span> <span class='ocrx_word' id='word_1_52' title='bbox 586 2941 648 3001; x_wconf 84' lang='lat' dir='ltr'>XV.</span> <span class='ocrx_word' id='word_1_53' title='bbox 1135 2965 1136 2968; x_wconf 45' lang='lat'>¹</span> 
     </span>
    </p>

    <p class='ocr_par' dir='ltr' id='par_1_6' title="bbox 112 3033 1221 4102">
     <span class='ocr_line' id='line_1_12' title="bbox 161 3033 1221 3115; baseline 0.008 -23"><span class='ocrx_word' id='word_1_54' title='bbox 161 3035 173 3070; x_wconf 84' lang='lat'><strong>²</strong></span> <span class='ocrx_word' id='word_1_55' title='bbox 217 3035 339 3093; x_wconf 86' lang='lat' dir='ltr'>llerold:</span> <span class='ocrx_word' id='word_1_56' title='bbox 360 3036 480 3108; x_wconf 78' lang='lat' dir='ltr'>Incipit</span> <span class='ocrx_word' id='word_1_57' title='bbox 499 3037 550 3092; x_wconf 79' lang='lat' dir='ltr'>lex</span> <span class='ocrx_word' id='word_1_58' title='bbox 570 3033 757 3092; x_wconf 75' lang='lat' dir='ltr'>Frisionum.</span> <span class='ocrx_word' id='word_1_59' title='bbox 798 3035 842 3092; x_wconf 72' lang='grc' dir='ltr'>Εἰ</span> <span class='ocrx_word' id='word_1_60' title='bbox 862 3037 934 3094; x_wconf 77' lang='lat' dir='ltr'>buco</span> <span class='ocrx_word' id='word_1_61' title='bbox 952 3046 995 3095; x_wconf 85' lang='lat' dir='ltr'>est</span> <span class='ocrx_word' id='word_1_62' title='bbox 1013 3042 1125 3115; x_wconf 76' lang='lat' dir='ltr'>simplo</span> <span class='ocrx_word' id='word_1_63' title='bbox 1145 3062 1221 3100; x_wconf 75' lang='lat' dir='ltr'>corn·</span> 
     </span>
     <span class='ocr_line' id='line_1_13' title="bbox 112 3123 1221 3200; baseline 0.007 -20"><span class='ocrx_word' id='word_1_64' title='bbox 112 3127 238 3200; x_wconf 76' lang='lat' dir='ltr'>positio.</span> <span class='ocrx_word' id='word_1_65' title='bbox 291 3124 335 3181; x_wconf 83' lang='lat' dir='ltr'>Ile</span> <span class='ocrx_word' id='word_1_66' title='bbox 365 3124 546 3196; x_wconf 60' lang='lat' dir='ltr'>homicidiis.</span> <span class='ocrx_word' id='word_1_67' title='bbox 607 3123 674 3186; x_wconf 76' lang='lat' dir='ltr'>ru.</span> <span class='ocrx_word' id='word_1_68' title='bbox 703 3124 734 3182; x_wconf 82' lang='lat' dir='ltr'>J.</span> <span class='ocrx_word' id='word_1_69' title='bbox 784 3124 930 3183; x_wconf 81' lang='lat' dir='ltr'>Editiones</span> <span class='ocrx_word' id='word_1_70' title='bbox 970 3130 1140 3187; x_wconf 73' lang='lat' dir='ltr'>recentiores</span> <span class='ocrx_word' id='word_1_71' title='bbox 1179 3131 1221 3189; x_wconf 90' lang='lat' dir='ltr'>le-</span> 
     </span>
     <span class='ocr_line' id='line_1_14' title="bbox 118 3212 1219 3295; baseline 0.007 -25"><span class='ocrx_word' id='word_1_72' title='bbox 118 3223 210 3291; x_wconf 82' lang='lat' dir='ltr'>gunt:</span> <span class='ocrx_word' id='word_1_73' title='bbox 252 3213 314 3274; x_wconf 80' lang='lat' dir='ltr'>Tit.</span> <span class='ocrx_word' id='word_1_74' title='bbox 346 3213 377 3271; x_wconf 93' lang='lat' dir='ltr'>I.</span> <span class='ocrx_word' id='word_1_75' title='bbox 418 3212 464 3270; x_wconf 77' lang='lat' dir='ltr'>Ite</span> <span class='ocrx_word' id='word_1_76' title='bbox 492 3214 685 3277; x_wconf 73' lang='lat' dir='ltr'>homicidiis,</span> <span class='ocrx_word' id='word_1_77' title='bbox 713 3224 742 3272; x_wconf 82' lang='lat' dir='ltr'>ot</span> <span class='ocrx_word' id='word_1_78' title='bbox 773 3216 858 3272; x_wconf 81' lang='lat' dir='ltr'><strong>rerba</strong></span> <span class='ocrx_word' id='word_1_79' title='bbox 888 3219 1086 3275; x_wconf 78' lang='lat' dir='ltr'>antecedentia</span> <span class='ocrx_word' id='word_1_80' title='bbox 1116 3229 1219 3295; x_wconf 90' lang='lat' dir='ltr'><strong>putant</strong></span> 
     </span>
     <span class='ocr_line' id='line_1_15' title="bbox 117 3303 1218 3382; baseline 0.004 -21"><span class='ocrx_word' id='word_1_81' title='bbox 117 3303 322 3380; x_wconf 85' lang='lat' dir='ltr'>inscriptonem</span> <span class='ocrx_word' id='word_1_82' title='bbox 351 3313 512 3380; x_wconf 72' lang='lat' dir='ltr'><strong>separatam</strong></span> <span class='ocrx_word' id='word_1_83' title='bbox 544 3303 614 3380; x_wconf 83' lang='lat' dir='ltr'>legis</span> <span class='ocrx_word' id='word_1_84' title='bbox 640 3303 825 3369; x_wconf 79' lang='lat' dir='ltr'>Frisionurn,</span> <span class='ocrx_word' id='word_1_85' title='bbox 851 3306 895 3361; x_wconf 81' lang='lat' dir='ltr'>rel</span> <span class='ocrx_word' id='word_1_86' title='bbox 914 3307 1065 3363; x_wconf 84' lang='lat' dir='ltr'><strong>titulorum</strong></span> <span class='ocrx_word' id='word_1_87' title='bbox 1084 3327 1218 3382; x_wconf 88' lang='lat' dir='ltr'>quorun-</span> 
     </span>
     <span class='ocr_line' id='line_1_16' title="bbox 116 3393 1218 3472; baseline 0.003 -21"><span class='ocrx_word' id='word_1_88' title='bbox 116 3395 197 3452; x_wconf 82' lang='lat' dir='ltr'>dam.</span> <span class='ocrx_word' id='word_1_89' title='bbox 248 3393 520 3467; x_wconf 72' lang='lat' dir='ltr'>Dubitarellioeat.</span> <span class='ocrx_word' id='word_1_90' title='bbox 551 3412 649 3450; x_wconf 79' lang='lat' dir='ltr'>reuera</span> <span class='ocrx_word' id='word_1_91' title='bbox 678 3393 709 3448; x_wconf 91' lang='lat' dir='ltr'>in</span> <span class='ocrx_word' id='word_1_92' title='bbox 740 3394 836 3449; x_wconf 86' lang='lat' dir='ltr'>codice</span> <span class='ocrx_word' id='word_1_93' title='bbox 868 3413 919 3452; x_wconf 90' lang='lat' dir='ltr'>ms.</span> <span class='ocrx_word' id='word_1_94' title='bbox 952 3395 1023 3472; x_wconf 79' lang='lat' dir='ltr'>legis</span> <span class='ocrx_word' id='word_1_95' title='bbox 1052 3396 1218 3455; x_wconf 77' lang='lat' dir='ltr'>Frisiouum</span> 
     </span>
     <span class='ocr_line' id='line_1_17' title="bbox 118 3481 1219 3562; baseline 0.005 -21"><span class='ocrx_word' id='word_1_96' title='bbox 118 3486 292 3541; x_wconf 81' lang='lat' dir='ltr'>lleroldiano</span> <span class='ocrx_word' id='word_1_97' title='bbox 323 3485 427 3541; x_wconf 68' lang='lat' dir='ltr'>nerbas</span> <span class='ocrx_word' id='word_1_98' title='bbox 467 3483 587 3556; x_wconf 76' lang='lat' dir='ltr'><em>Incipit</em></span> <span class='ocrx_word' id='word_1_99' title='bbox 618 3485 669 3539; x_wconf 73' lang='lat' dir='ltr'>lex</span> <span class='ocrx_word' id='word_1_100' title='bbox 698 3481 875 3540; x_wconf 77' lang='lat' dir='ltr'>Frisionnm</span> <span class='ocrx_word' id='word_1_101' title='bbox 903 3484 1044 3550; x_wconf 77' lang='lat' dir='ltr'>inueniri3</span> <span class='ocrx_word' id='word_1_102' title='bbox 1074 3486 1219 3562; x_wconf 75' lang='lat' dir='ltr'><strong>plurimae</strong></span> 
     </span>
     <span class='ocr_line' id='line_1_18' title="bbox 115 3571 1219 3655; baseline 0.001 -22"><span class='ocrx_word' id='word_1_103' title='bbox 115 3576 196 3634; x_wconf 82' lang='lat' dir='ltr'>enim</span> <span class='ocrx_word' id='word_1_104' title='bbox 215 3575 291 3651; x_wconf 75' lang='lat' dir='ltr'>leges</span> <span class='ocrx_word' id='word_1_105' title='bbox 311 3573 341 3629; x_wconf 88' lang='lat' dir='ltr'>in</span> <span class='ocrx_word' id='word_1_106' title='bbox 360 3572 526 3629; x_wconf 78' lang='lat' dir='ltr'>collectione</span> <span class='ocrx_word' id='word_1_107' title='bbox 545 3571 718 3629; x_wconf 81' lang='lat' dir='ltr'>lleroldiana</span> <span class='ocrx_word' id='word_1_108' title='bbox 737 3573 838 3630; x_wconf 81' lang='lat' dir='ltr'>eadem</span> <span class='ocrx_word' id='word_1_109' title='bbox 858 3573 970 3630; x_wconf 85' lang='lat' dir='ltr'>ratione</span> <span class='ocrx_word' id='word_1_110' title='bbox 1000 3585 1068 3632; x_wconf 90' lang='lat' dir='ltr'>sunt</span> <span class='ocrx_word' id='word_1_111' title='bbox 1096 3576 1219 3655; x_wconf 87' lang='lat' dir='ltr'>inscrip-</span> 
     </span>
     <span class='ocr_line' id='line_1_19' title="bbox 117 3661 1220 3742; baseline 0.002 -20"><span class='ocrx_word' id='word_1_112' title='bbox 117 3675 173 3730; x_wconf 79' lang='lat' dir='ltr'>tas,</span> <span class='ocrx_word' id='word_1_113' title='bbox 200 3673 232 3721; x_wconf 93' lang='lat' dir='ltr'>ut</span> <span class='ocrx_word' id='word_1_114' title='bbox 250 3663 415 3738; x_wconf 83' lang='lat' dir='ltr'>exemplum</span> <span class='ocrx_word' id='word_1_115' title='bbox 442 3661 580 3718; x_wconf 74' lang='lat' dir='ltr'>afferamr</span> <span class='ocrx_word' id='word_1_116' title='bbox 620 3662 740 3735; x_wconf 81' lang='lat' dir='ltr'>Incipit</span> <span class='ocrx_word' id='word_1_117' title='bbox 767 3665 787 3720; x_wconf 85' lang='lat' dir='ltr'>l.</span> <span class='ocrx_word' id='word_1_118' title='bbox 807 3662 1079 3734; x_wconf 64' lang='lat' dir='ltr'>Alamannorum</span> <span class='ocrx_word' id='word_1_119' title='bbox 1099 3666 1220 3742; x_wconf 76' lang='lat' dir='ltr'>Incipit</span> 
     </span>
     <span class='ocr_line' id='line_1_20' title="bbox 117 3752 1217 3831; baseline 0.002 -19"><span class='ocrx_word' id='word_1_120' title='bbox 117 3759 137 3812; x_wconf 84' lang='lat' dir='ltr'>l.</span> <span class='ocrx_word' id='word_1_121' title='bbox 166 3754 445 3831; x_wconf 73' lang='lat' dir='ltr'>Burpundionum‚</span> <span class='ocrx_word' id='word_1_122' title='bbox 469 3761 522 3813; x_wconf 86' lang='lat' dir='ltr'>etc.</span> <span class='ocrx_word' id='word_1_123' title='bbox 565 3752 668 3809; x_wconf 77' lang='lat' dir='ltr'>Vocess</span> <span class='ocrx_word' id='word_1_124' title='bbox 689 3755 760 3809; x_wconf 80' lang='lat' dir='ltr'>leuco</span> <span class='ocrx_word' id='word_1_125' title='bbox 788 3761 831 3808; x_wconf 81' lang='lat' dir='ltr'>cet</span> <span class='ocrx_word' id='word_1_126' title='bbox 859 3756 969 3826; x_wconf 79' lang='lat' dir='ltr'>sinepla</span> <span class='ocrx_word' id='word_1_127' title='bbox 989 3758 1160 3828; x_wconf 72' lang='lat' dir='ltr'>compositio</span> <span class='ocrx_word' id='word_1_128' title='bbox 1179 3758 1217 3814; x_wconf 82' lang='lat' dir='ltr'>de</span> 
     </span>
     <span class='ocr_line' id='line_1_21' title="bbox 116 3841 1217 3920; baseline 0 -17"><span class='ocrx_word' id='word_1_129' title='bbox 116 3845 292 3904; x_wconf 79' lang='lat' dir='ltr'>homicidiis</span> <span class='ocrx_word' id='word_1_130' title='bbox 321 3863 356 3900; x_wconf 86' lang='lat' dir='ltr'>ex</span> <span class='ocrx_word' id='word_1_131' title='bbox 376 3862 439 3900; x_wconf 85' lang='lat' dir='ltr'>mea</span> <span class='ocrx_word' id='word_1_132' title='bbox 459 3842 595 3919; x_wconf 90' lang='lat' dir='ltr'>opinione</span> <span class='ocrx_word' id='word_1_133' title='bbox 615 3861 693 3898; x_wconf 78' lang='lat' dir='ltr'>anno</span> <span class='ocrx_word' id='word_1_134' title='bbox 712 3841 787 3904; x_wconf 82' lang='lat'>802,</span> <span class='ocrx_word' id='word_1_135' title='bbox 813 3861 872 3917; x_wconf 89' lang='lat' dir='ltr'>quo</span> <span class='ocrx_word' id='word_1_136' title='bbox 891 3850 984 3898; x_wconf 88' lang='lat' dir='ltr'>textus</span> <span class='ocrx_word' id='word_1_137' title='bbox 1002 3843 1073 3920; x_wconf 75' lang='lat' dir='ltr'>legis</span> <span class='ocrx_word' id='word_1_138' title='bbox 1092 3843 1217 3903; x_wconf 83' lang='lat' dir='ltr'>Frisicae</span> 
     </span>
     <span class='ocr_line' id='line_1_22' title="bbox 114 3929 1216 4008; baseline -0.003 -15"><span class='ocrx_word' id='word_1_139' title='bbox 114 3935 285 3993; x_wconf 85' lang='lat' dir='ltr'>emendatus</span> <span class='ocrx_word' id='word_1_140' title='bbox 314 3941 366 3996; x_wconf 84' lang='lat' dir='ltr'>est,</span> <span class='ocrx_word' id='word_1_141' title='bbox 393 3949 426 3987; x_wconf 86' lang='lat' dir='ltr'>eo</span> <span class='ocrx_word' id='word_1_142' title='bbox 455 3929 573 3986; x_wconf 90' lang='lat' dir='ltr'>oonsilio</span> <span class='ocrx_word' id='word_1_143' title='bbox 602 3939 669 3987; x_wconf 89' lang='lat' dir='ltr'>sunt</span> <span class='ocrx_word' id='word_1_144' title='bbox 696 3929 833 3993; x_wconf 81' lang='lat' dir='ltr'>additae,</span> <span class='ocrx_word' id='word_1_145' title='bbox 851 3937 882 3985; x_wconf 85' lang='lat' dir='ltr'>ut</span> <span class='ocrx_word' id='word_1_146' title='bbox 901 3929 1025 4006; x_wconf 72' lang='lat' dir='ltr'>quilibet</span> <span class='ocrx_word' id='word_1_147' title='bbox 1044 3931 1216 4008; x_wconf 78' lang='lat' dir='ltr'>intelligeret</span> 
     </span>
     <span class='ocr_line' id='line_1_23' title="bbox 115 4019 1214 4102; baseline -0.002 -20"><span class='ocrx_word' id='word_1_148' title='bbox 115 4025 333 4102; x_wconf 79' lang='lat' dir='ltr'>compositiones</span> <span class='ocrx_word' id='word_1_149' title='bbox 352 4021 481 4097; x_wconf 76' lang='lat' dir='ltr'>singulas</span> <span class='ocrx_word' id='word_1_150' title='bbox 500 4020 578 4077; x_wconf 90' lang='lat' dir='ltr'><strong>tituli</strong></span> <span class='ocrx_word' id='word_1_151' title='bbox 598 4019 683 4095; x_wconf 82' lang='lat' dir='ltr'><strong>priori</strong></span> <span class='ocrx_word' id='word_1_152' title='bbox 704 4019 735 4074; x_wconf 93' lang='lat' dir='ltr'>in</span> <span class='ocrx_word' id='word_1_153' title='bbox 754 4019 859 4095; x_wconf 88' lang='lat' dir='ltr'>simplo</span> <span class='ocrx_word' id='word_1_154' title='bbox 878 4039 937 4076; x_wconf 85' lang='lat' dir='ltr'>esse</span> <span class='ocrx_word' id='word_1_155' title='bbox 957 4021 1072 4095; x_wconf 82' lang='lat' dir='ltr'>positas,</span> <span class='ocrx_word' id='word_1_156' title='bbox 1092 4031 1121 4078; x_wconf 91' lang='lat' dir='ltr'>ut</span> <span class='ocrx_word' id='word_1_157' title='bbox 1142 4023 1214 4080; x_wconf 90' lang='lat' dir='ltr'><strong>iuris</strong></span> 
     </span>
    </p>
   </div>
   <div class='ocr_carea' id='block_1_6' title="bbox 107 4109 1217 4474">
    <p class='ocr_par' dir='ltr' id='par_1_7' title="bbox 107 4109 1217 4474">
     <span class='ocr_line' id='line_1_24' title="bbox 113 4109 1215 4188; baseline -0.004 -15"><span class='ocrx_word' id='word_1_158' title='bbox 113 4124 175 4173; x_wconf 86' lang='lat' dir='ltr'>erat</span> <span class='ocrx_word' id='word_1_159' title='bbox 204 4115 236 4172; x_wconf 90' lang='lat' dir='ltr'>in</span> <span class='ocrx_word' id='word_1_160' title='bbox 266 4113 357 4170; x_wconf 79' lang='lat' dir='ltr'>ttrtsia</span> <span class='ocrx_word' id='word_1_161' title='bbox 387 4121 514 4188; x_wconf 81' lang='lat' dir='ltr'>tempore</span> <span class='ocrx_word' id='word_1_162' title='bbox 541 4110 734 4186; x_wconf 80' lang='lat' dir='ltr'>conceptionis</span> <span class='ocrx_word' id='word_1_163' title='bbox 759 4110 847 4168; x_wconf 86' lang='lat' dir='ltr'><strong>tituli.</strong></span> <span class='ocrx_word' id='word_1_164' title='bbox 887 4109 1026 4188; x_wconf 77' lang='lat' dir='ltr'>Tempore</span> <span class='ocrx_word' id='word_1_165' title='bbox 1044 4131 1103 4186; x_wconf 89' lang='lat' dir='ltr'>quo</span> <span class='ocrx_word' id='word_1_166' title='bbox 1123 4120 1215 4170; x_wconf 85' lang='lat' dir='ltr'>textus</span> 
     </span>
     <span class='ocr_line' id='line_1_25' title="bbox 113 4199 1215 4280; baseline 0 -18"><span class='ocrx_word' id='word_1_167' title='bbox 113 4213 211 4262; x_wconf 90' lang='lat' dir='ltr'>noster</span> <span class='ocrx_word' id='word_1_168' title='bbox 237 4204 309 4280; x_wconf 78' lang='lat' dir='ltr'>legis</span> <span class='ocrx_word' id='word_1_169' title='bbox 330 4221 395 4260; x_wconf 88' lang='lat' dir='ltr'>cum</span> <span class='ocrx_word' id='word_1_170' title='bbox 417 4201 569 4258; x_wconf 80' lang='lat' dir='ltr'>Additiono</span> <span class='ocrx_word' id='word_1_171' title='bbox 590 4201 760 4276; x_wconf 89' lang='lat' dir='ltr'>Sapientum</span> <span class='ocrx_word' id='word_1_172' title='bbox 780 4199 978 4265; x_wconf 77' lang='lat' dir='ltr'>scribebatur,</span> <span class='ocrx_word' id='word_1_173' title='bbox 998 4202 1215 4277; x_wconf 79' lang='lat' dir='ltr'>compositiones</span> 
     </span>
     <span class='ocr_line' id='line_1_26' title="bbox 112 4289 1217 4366; baseline -0.004 -14"><span class='ocrx_word' id='word_1_174' title='bbox 112 4295 149 4352; x_wconf 80' lang='lat' dir='ltr'>de</span> <span class='ocrx_word' id='word_1_175' title='bbox 178 4293 341 4352; x_wconf 84' lang='lat' dir='ltr'>homicidiis</span> <span class='ocrx_word' id='word_1_176' title='bbox 368 4293 400 4349; x_wconf 88' lang='lat' dir='ltr'>in</span> <span class='ocrx_word' id='word_1_177' title='bbox 427 4290 518 4348; x_wconf 75' lang='lat' dir='ltr'>ltrista</span> <span class='ocrx_word' id='word_1_178' title='bbox 546 4299 628 4348; x_wconf 82' lang='lat' dir='ltr'>erant</span> <span class='ocrx_word' id='word_1_179' title='bbox 647 4290 820 4366; x_wconf 79' lang='lat' dir='ltr'>triplicatae,</span> <span class='ocrx_word' id='word_1_180' title='bbox 855 4289 895 4346; x_wconf 91' lang='lat' dir='ltr'>ita</span> <span class='ocrx_word' id='word_1_181' title='bbox 916 4298 948 4347; x_wconf 92' lang='lat' dir='ltr'>ut</span> <span class='ocrx_word' id='word_1_182' title='bbox 967 4290 1119 4366; x_wconf 82' lang='lat' dir='ltr'>positiones</span> <span class='ocrx_word' id='word_1_183' title='bbox 1138 4292 1217 4351; x_wconf 88' lang='lat' dir='ltr'><strong>tituli</strong></span> 
     </span>
     <span class='ocr_line' id='line_1_27' title="bbox 107 4379 1217 4474; baseline -0.002 -32"><span class='ocrx_word' id='word_1_184' title='bbox 107 4385 202 4474; x_wconf 84' lang='lat' dir='ltr'>primi</span> <span class='ocrx_word' id='word_1_185' title='bbox 229 4392 321 4442; x_wconf 75' lang='lat' dir='ltr'>essem</span> <span class='ocrx_word' id='word_1_186' title='bbox 350 4381 552 4462; x_wconf 60' lang='lat' dir='ltr'>triplicandam</span> <span class='ocrx_word' id='word_1_187' title='bbox 589 4382 651 4438; x_wconf 80' lang='lat' dir='ltr'>ride</span> <span class='ocrx_word' id='word_1_188' title='bbox 679 4381 723 4438; x_wconf 88' lang='lat' dir='ltr'>tit.</span> <span class='ocrx_word' id='word_1_189' title='bbox 744 4379 787 4440; x_wconf 92' lang='lat' dir='ltr'>lll</span> <span class='ocrx_word' id='word_1_190' title='bbox 807 4381 838 4438; x_wconf 92' lang='lat' dir='ltr'>in</span> <span class='ocrx_word' id='word_1_191' title='bbox 871 4380 940 4437; x_wconf 81' lang='lat' dir='ltr'><strong>tud.</strong></span> <span class='ocrx_word' id='word_1_192' title='bbox 962 4380 982 4440; x_wconf 83' lang='lat' dir='ltr'>l.</span> <span class='ocrx_word' id='word_1_193' title='bbox 1002 4379 1087 4448; x_wconf 64' lang='lat' dir='ltr'>ltris„</span> <span class='ocrx_word' id='word_1_194' title='bbox 1105 4384 1157 4466; x_wconf 81' lang='lat' dir='ltr'>qui</span> <span class='ocrx_word' id='word_1_195' title='bbox 1176 4391 1217 4446; x_wconf 83' lang='lat' dir='ltr'>eet</span> 
     </span>
    </p>
   </div>
   <div class='ocr_carea' id='block_1_7' title="bbox 0 0 1584 5464">
    <p class='ocr_par' dir='ltr' id='par_1_8' title="bbox 0 0 1584 5464">
     <span class='ocr_line' id='line_1_28' title="bbox 0 0 1584 5464; baseline 0 5"><span class='ocrx_word' id='word_1_196' title='bbox 0 0 1584 5464; x_wconf 95' lang='lat' dir='ltr'> </span> 
     </span>
    </p>
   </div>
  </div>
 </body>
</html>
