3156 5464
269 568 273 576 ·
344 556 404 618 158
763 552 879 618 Iuosx
901 553 1041 616 Itanum.

339 746 520 805 solutio:
551 747 703 806 satisfaciu
735 750 762 806 ei
794 747 933 804 solutione
964 746 1109 822 weregildi
1139 748 1185 804 sui
1213 747 1266 812 IX,
1300 747 1353 807 10:
1386 756 1446 804 tota

377 835 480 893 solutio
500 835 608 910 (digiti)
626 846 815 914 componatur
835 837 925 896 Add.
956 835 997 900 II,
1017 836 1044 894 9.
1072 834 1175 900 111,5.
1197 836 1223 892 7.
1243 831 1292 911 'Cf
1315 837 1435 894 solvere.

340 925 525 983 solvere:
554 928 586 1000 a)
607 924 663 1004 533.
683 926 787 984 solidos
806 927 896 983 solvat
913 923 941 988 -l,
962 923 989 983 3.
1011 924 1038 983 6.
1060 923 1096 988 9,
1116 925 1206 982 solvat
1226 925 1341 982 leudem
1361 925 1448 983 occisi

357 1012 459 1082 XIV,
488 1011 516 1070 5.
546 1013 586 1078 II,
617 1014 645 1072 5.
676 1014 712 1080 ὃς
746 1015 931 1090 weregildum
950 1033 1035 1071 suum
1055 1012 1093 1070 ad
1111 1021 1223 1089 partem
1245 1014 1318 1090 regis
1337 1014 1448 1070 solvere

379 1110 499 1179 cogatur
517 1095 600 1183 xvlt
629 1104 666 1168 5,
686 1105 761 1181 duae
781 1115 875 1180 partes
893 1102 1104 1179 compositionis
1122 1103 1273 1160 solvantur
1294 1103 1386 1160 Adel.
1408 1101 1448 1166 II,
1552 1107 1553 1124 ,

381 1195 421 1257 83
450 1195 491 1250 ibi
521 1193 627 1252 nobilis
654 1196 739 1251 homo
773 1193 845 1270 106}
865 1193 963 1250 solidis
982 1191 1086 1267 simpla
1106 1193 1307 1267 compositione
1326 1192 1449 1249 solvitur

383 1286 474 1344 Add.
505 1281 564 1347 III,
594 1282 642 1341 58.
673 1286 711 1357 of.
743 1285 762 1340 l.
783 1282 864 1339 Fris.
886 1281 939 1347 IX,
962 1281 1014 1346 163
1035 1280 1109 1338 nihil
1129 1286 1195 1352 (uec
1214 1282 1337 1357 aliquid)
1357 1281 1448 1338 solvat

382 1373 423 1440 ΙΙ,
451 1372 480 1430 2.
511 1371 539 1429 4.
570 1371 651 1430 6-8.
687 1373 739 1434 tte
768 1372 931 1444 (animalial
961 1371 999 1427 ita
1018 1371 1177 1434 solvantur,
1195 1379 1281 1446 prout
1300 1370 1411 1426 luerint
1431 1388 1448 1423 a

383 1481 538 1540 possessore
566 1480 664 1518 eorum
696 1462 858 1537 adpretiata
886 1460 939 1524 IV,
958 1460 986 1517 2.
1017 1462 1046 1533 b)
1067 1459 1165 1517 Solrat
1184 1459 1301 1516 fratrem
1321 1460 1448 1514 occisum

381 1551 512 1628 proximo
532 1549 650 1605 haeredi
669 1549 750 1614 XIX,
770 1550 807 1614 23
827 1551 917 1606 solvat
939 1569 1005 1608 eum
1026 1548 1063 1605 ad
1083 1556 1195 1623 partem
1216 1549 1290 1624 regis
1310 1548 1391 1611 XIX,
1411 1547 1446 1608 2;

381 1641 473 1700 solvat
503 1639 652 1695 mulierem
685 1639 764 1696 iuxta
794 1639 986 1696 conditionem
1018 1657 1099 1697 snum
1123 1638 1211 1694 Adri.
1231 1637 1269 1701 V,
1293 1637 1325 1700 l;
1346 1635 1448 1692 nullus

381 1748 448 1785 eum
466 1727 557 1784 solvat
582 1728 666 1783 Acte.
687 1726 726 1791 X,
747 1727 774 1783 2.
798 1727 844 1800 Of.
866 1728 1021 1790 exsolvere,
1040 1725 1200 1800 persolvere
1220 1734 1247 1780 et
1266 1743 1446 1800 componere.

342 1818 530 1876 sonitus:
558 1817 667 1874 sonitus
687 1818 755 1872 ossis
777 1817 808 1873 in
828 1827 906 1873 scuto
925 1816 990 1872 iacti
1012 1814 1109 1878 XXII,
1127 1815 1174 1870 7l.
1197 1813 1244 1888 Os.
1265 1833 1306 1872 os.

342 1925 478 1964 sorore
507 1905 596 1962 solrat
616 1925 682 1962 eum
703 1908 738 1978 (i.
759 1925 782 1962 e.
803 1906 925 1962 fratrem
945 1905 1082 1974 occisum)
1103 1903 1192 1960 sorori
1211 1922 1280 1962 suae
1300 1901 1383 1966 XIX,
1400 1902 1429 1960 2.

343 2013 450 2052 sors:
475 1995 602 2050 sortium
634 1994 730 2050 missio
749 1993 830 2058 XIV,
850 1993 885 2058 2,
906 2002 995 2050 sortes
1014 1993 1127 2050 mittere
1146 1991 1225 2056 XIV,
1248 1992 1281 2056 Ι,
1304 2011 1390 2048 unam
1413 1992 1448 2047 de

380 2081 505 2138 sortibus
524 2081 623 2138 tollere
642 2081 723 2146 XIV,
745 2080 770 2140 Ι.

342 2189 520 2247 spanus:
552 2170 657 2227 vulnus
685 2171 762 2244 quod
788 2189 914 2246 spannae
934 2169 1145 2246 longitudinem
1167 2167 1271 2226 habeat
1290 2170 1447 2245 (spannum
1554 2165 1555 2172 '

382 2259 515 2335 impleat)
533 2257 626 2322 XXII,
648 2257 693 2315 66.
716 2260 762 2316 67.
782 2258 871 2318 Actu.
893 2259 946 2323 III,
966 2259 1012 2318 56.
1037 2257 1083 2331 Cf.
1105 2258 1263 2334 longitudo.

343 2349 541 2425 spatiante
570 2349 694 2422 spatium
719 2348 752 2402 12
771 2348 876 2423 pedum
900 2349 989 2406 Add.
1012 2348 1068 2410 III,
1086 2347 1139 2410 24;
1160 2348 1284 2422 spatium
1305 2347 1383 2423 quod
1404 2347 1448 2402 in-

381 2446 425 2494 te'r
442 2437 568 2494 indicem
586 2443 614 2493 et
632 2437 766 2511 pollicem
784 2445 826 2494 est
847 2437 936 2494 Add.
957 2437 1013 2501 III,
1031 2435 1080 2496 54.
1103 2435 1151 2510 Of.
1170 2436 1329 2512 longitudo.

343 2526 485 2602 spido:
517 2527 639 2599 (emend.
659 2526 808 2601 sipido?)=
830 2528 853 2582 si
876 2528 978 2584 vulnus
997 2526 1156 2585 cicatricem
1176 2527 1339 2602 depressam
1361 2527 1447 2584 dose-
1555 2569 1556 2576 .

382 2615 431 2677 rit,
450 2614 528 2688 quod
547 2614 630 2688 spido
649 2613 749 2670 dicunt
770 2616 859 2671 Acte.
882 2614 940 2680 ΙΙΙ,
960 2615 1007 2672 34.
1032 2613 1078 2687 Os.
1099 2616 1214 2674 vulnus.

342 2724 356 2760 s
366 2723 386 2780 p
397 2702 453 2760 iri
468 2713 477 2758 t
491 2723 549 2760 us:
564 2709 566 2714 '
580 2703 604 2758 si
624 2703 742 2778 spiritus
761 2724 813 2778 per
835 2704 938 2762 vulnus
958 2703 1059 2760 exierit
1078 2703 1172 2767 XXII,
1191 2703 1238 2762 81.
1264 2704 1313 2778 Os.
1334 2704 1445 2766 vulnus.

342 2814 356 2850 s
367 2793 484 2870 plena
513 2792 537 2848 si
558 2791 759 2858 membranam
779 2812 837 2867 qua
857 2793 932 2850 iecor
951 2800 979 2849 et
998 2793 1080 2867 splen
1099 2793 1238 2868 pendent,
1257 2793 1445 2850 rulnerarerit

382 2881 476 2944 XXII,
494 2879 542 2938 50.
565 2879 612 2955 Cf.
633 2881 790 2940 mithridri.

342 2979 525 3030 stercusa
557 2969 581 3024 si
611 2979 718 3028 stercus
746 2990 799 3046 per
827 2970 932 3027 vulnus
964 2968 1114 3046 (stomachi
1146 2971 1190 3028 rel
1214 2970 1326 3047 botelli)
1345 2972 1444 3028 exierit
1556 2979 1557 2986 ’

381 3057 469 3115 Adel.
491 3057 548 3121 III,
567 3057 614 3114 31.
637 3057 683 3130 Cf.
707 3060 819 3118 vulnus.

344 3147 604 3204 stomachus:
633 3148 657 3202 si
688 3150 867 3204 stomachum
896 3146 1092 3205 vulneraverit
1120 3147 1443 3211 xxt1,54.55.1ud.

383 3233 470 3292 Wul.
494 3235 519 3292 l.
540 3233 568 3293 2.
588 3235 680 3294 Adel.
699 3236 754 3302 III,
775 3236 822 3294 31.
896 3287 898 3292 .

342 3325 586 3400 strIngerec
614 3327 638 3384 si
667 3330 733 3403 quis
759 3326 915 3384 foeminam
935 3345 988 3403 per
1007 3327 1167 3384 mamillam
1188 3328 1335 3386 strinxerit
1355 3328 1444 3392 XXII,

380 3413 428 3472 88.
452 3412 498 3487 Cf.
518 3417 771 3490 comprehendere.

341 3511 552 3576 stuprume
584 3505 624 3561 Ile
655 3514 754 3581 stupro
785 3503 957 3562 ancillarum
986 3503 1072 3571 XIII,
1101 3508 1193 3582 tneor.
1227 3504 1274 3580 Os.
1295 3505 1444 3583 farlegani,

381 3598 578 3666 constuprare.
1058 3637 1060 3640 -

342 3676 548 3737 subdere:
578 3681 601 3738 si
630 3679 705 3736 liber
724 3682 809 3737 homo
828 3681 860 3736 in
880 3679 1027 3738 servitium
1047 3680 1093 3736 liti
1112 3699 1143 3738 se
1162 3682 1327 3740 subdiderit
1347 3682 1399 3747 XI,
1419 3683 1441 3740 Ι.

385 3769 432 3842 (Is.
454 3772 531 3827 litus.

340 3860 627 3934 submergeres
655 3857 679 3913 si
698 3858 762 3932 quis
782 3857 873 3914 allum
894 3858 925 3916 in
945 3877 1051 3934 aquam
1072 3859 1232 3934 proiecerit,
1264 3860 1305 3916 ita
1329 3870 1359 3918 nt
1378 3861 1444 3918 sub·

381 3957 529 4024 mergatur
547 3944 643 4010 XXII,
662 3944 710 4004 88.
733 3944 779 4018 (Is.
801 3965 888 4021 aqua,
1031 4009 1033 4014 ¹

340 4037 596 4097 subtiliare:
626 4035 650 4092 si
681 4037 844 4093 membrum
865 4035 1012 4102 decrescit,
1042 4045 1069 4094 et
1088 4038 1128 4094 ita
1149 4037 1235 4094 luerit
1255 4035 1444 4103 subtiliatum,

381 4135 414 4184 ut
433 4135 485 4184 etc.
509 4127 584 4184 lect.
608 4125 693 4182 Wut.
714 4124 743 4182 8.
766 4124 813 4197 Cf.
835 4126 1004 4183 decrescere.

366 4215 541 4274 efferres
572 4217 603 4273 in
633 4224 719 4291 caput
752 4234 914 4290 percussus,
933 4224 965 4274 ut
985 4235 1038 4273 nec
1056 4216 1149 4292 frIgus
1169 4235 1221 4282 nec
1241 4216 1367 4274 calorem
1387 4215 1443 4273 sni·

379 4304 456 4371 ferre
475 4308 563 4383 possit
582 4306 672 4364 Add.
693 4304 747 4371 III,
768 4303 815 4362 22.
838 4304 884 4380 Cf.
904 4315 1061 4382 percutere.

338 4393 624 4470 superciliumr
645 4394 668 4450 si
688 4393 874 4470 supercilium
894 4393 1027 4452 inciderit
1045 4395 1219 4470 (praecisum
1239 4393 1339 4470 fuerit)
1352 4391 1441 4456 xxti.
