3158 5464
598 583 626 645 T
648 601 662 644 1
684 575 833 647 mviii.
1238 581 1280 645 53

170 795 247 850 quse
266 779 321 835 fini
342 778 418 835 tituli
439 780 474 835 de
494 779 557 834 iure
582 777 691 834 Frisitee
709 776 858 835 orientalis
878 785 946 832 sunt
965 773 1073 831 addite.
1115 775 1155 830 Ite
1175 775 1274 832 ecdem

169 867 236 922 iure
265 866 374 924 Frisiae
402 867 549 924 orientalis
581 867 673 923 fusius
702 875 793 940 agunt
821 865 948 943 capitula
977 863 1121 938 quaedam
1150 863 1186 921 de
1212 865 1276 921 iure

169 956 293 1031 rapinae
322 956 461 1015 violentae
492 955 590 1013 addita
621 954 675 1013 fini
706 946 783 1010 tituli
814 953 855 1012 lx
874 973 937 1030 cap.
961 951 1079 1017 tls—17,
1098 951 1136 1008 ud
1155 952 1274 1008 titulum

170 1041 243 1101 VIII
272 1053 370 1103 autem
394 1045 557 1102 referende.
597 1045 645 1102 Et
662 1043 745 1100 titulo
775 1043 816 1101 lx
844 1042 1004 1100 Idditionis
1031 1033 1100 1118 legs
1116 1040 1191 1098 Fris.
1217 1044 1275 1105 ius,

168 1133 248 1207 quod
276 1134 307 1190 iu
335 1133 426 1190 Vrisiu
454 1135 549 1192 media
578 1135 702 1210 rigebat,
730 1141 872 1190 mutatum
902 1141 952 1189 est.
993 1131 1033 1187 lie
1061 1140 1199 1207 tempore.
1218 1149 1276 1207 quo

168 1223 225 1278 Isse
253 1223 323 1300 Iegis
353 1232 449 1300 partes
468 1224 525 1280 sint
544 1223 724 1286 constitutae.
742 1221 893 1278 coniiciem
915 1221 1031 1279 titulum
1052 1219 1137 1283 VIII.'
1153 1221 1277 1277 exclusis

169 1311 266 1368 verbis
294 1312 373 1368 tituli
401 1312 546 1374 extremis,
573 1329 647 1387 quae
674 1311 782 1367 ‘litteris
810 1310 930 1367 cursivis
955 1309 1087 1386 imprimi
1114 1309 1180 1372 feci,
1199 1309 1274 1365 anti·

167 1399 325 1475 quissimae
351 1401 422 1478 Iegis
450 1400 574 1458 FrisIcue
602 1402 709 1463 fuisses
739 1400 823 1457 rerba
853 1407 948 1476 eutem
977 1399 1008 1454 iu
1028 1397 1087 1454 fine
1106 1397 1183 1455 tituli
1204 1397 1274 1459 VIII

168 1489 274 1565 posite,
303 1499 330 1545 et
360 1490 486 1567 capitula
520 1488 628 1546 11-17
658 1490 735 1546 tituli
763 1488 804 1546 IX
834 1490 870 1546 de
897 1489 961 1545 iure
989 1487 1097 1543 Frisiae
1117 1487 1276 1550 orientalis,

169 1576 293 1634 iudIcem
320 1599 397 1638 eune
425 1579 483 1638 785
502 1580 559 1656 legi
578 1579 741 1638 Frisicnum
762 1579 976 1654 antiquissimae
996 1577 1139 1654 adscripta
1158 1596 1228 1643 esse,
1247 1585 1275 1633 et

168 1666 288 1724 titulum
316 1667 356 1726 lx
383 1668 544 1726 Additiouis
573 1669 742 1744 Sapientem
772 1669 808 1724 de
837 1669 900 1724 iure
914 1666 1036 1726 ,Frisice
1064 1666 1176 1723 mediae
1196 1685 1275 1723 enno

167 1753 237 1812 802.
279 1757 321 1813 Ex
351 1757 415 1813 iure
443 1757 552 1814 Frisiae
582 1756 703 1821 mediae,
731 1748 890 1813 secuudum
921 1756 1038 1813 titulum
1071 1754 1152 1819 VIII,
1179 1755 1204 1811 is
1223 1755 1275 1830 qui

168 1845 227 1902 vim
245 1844 266 1901 i.
287 1864 312 1902 e.
332 1845 467 1921 rapinam
489 1846 652 1910 uiolentam,
671 1845 768 1910 faciet,
788 1844 896 1922 duplex
917 1847 959 1902 rei
978 1845 1103 1921 pretium
1124 1843 1226 1900 reddat
1245 1852 1273 1900 et

170 1931 206 1988 12
237 1933 341 1990 solides
368 1934 431 1992 leco
458 1935 576 1999 fredum
596 1953 631 1991 ex
651 1934 714 1990 iure
733 1932 840 1992 VrisIue
859 1933 1009 1990 orientalis
1029 1952 1094 1989 vero
1113 1933 1271 2014 secuudum

167 2019 221 2096 IX,
252 2019 286 2081 14
317 2023 374 2098 leg.
402 2022 475 2080 Fris.
494 2023 614 2099 sImpIer
641 2021 743 2079 reddet
769 2021 906 2099 pretium.
925 2020 963 2078 24
982 2021 1087 2077 solides
1106 2041 1186 2098 »pro
1204 2022 1273 2079 facti

166 2111 305 2174 scelere”.
333 2120 360 2168 et
391 2113 581 2188 weregeldum
610 2130 694 2168 suum
715 2113 777 2168 loco
796 2111 915 2175 fredae3
935 2130 970 2167 ex
990 2110 1054 2166 iure
1073 2110 1189 2167 taudem
1209 2111 1272 2168 Fri·

165 2199 225 2258 siae
252 2202 364 2259 mediate
392 2203 559 2264 recentiore,
586 2202 664 2278 qued
692 2202 836 2262 definiunt
866 2201 952 2259 rerba
982 2201 1058 2257 tituli
1087 2191 1129 2257 IX
1155 2200 1229 2258 sdd.
1251 2202 1272 2258 1.

122 2339 124 2342 .
166 2289 239 2347 Fris.
269 2293 316 2346 vis
347 2301 402 2348 acet
423 2295 555 2366 furtum
574 2293 608 2348 in
628 2292 722 2365 duplo
742 2294 943 2364 emnpcnitur,
961 2299 990 2346 et
1008 2291 1160 2364 adsecula
1181 2309 1271 2347 were-

164 2380 301 2454 gildum.
329 2381 455 2457 pretium
487 2381 594 2456 duplex
625 2381 667 2436 rei
686 2381 799 2436 ablatae
819 2389 860 2436 est
881 2377 1072 2443 reddendum,
1090 2388 1117 2436 et
1137 2380 1270 2456 weregel-

166 2467 238 2524 dum
256 2468 319 2525 loco
339 2470 446 2528 fredae.

210 2555 240 2590 ⁷⁵
287 2559 421 2616 Verbum·
445 2562 612 2632 recinumfte'
639 2569 681 2616 est
707 2559 849 2616 Frisicum
879 2557 1064 2622 occidentale,
1096 2577 1188 2634 neque
1208 2560 1270 2618 ulle

165 2649 251 2706 mode
281 2647 402 2704 dialecto
431 2646 539 2704 Frisiae
569 2649 717 2705 orientalis
747 2657 775 2705 et
804 2647 915 2703 mediae
936 2646 1087 2722 congruit.
1126 2648 1189 2706 Vox
1219 2659 1270 2707 not

165 2738 340 2812 (necessitas)
370 2737 476 2814 scriptu
502 2747 544 2794 est
573 2739 603 2793 in
634 2737 755 2794 dialecto
782 2737 890 2792 Frisica
920 2736 1114 2793 trunsfleranu
1142 2739 1210 2803 ned,
1236 2740 1267 2795 iu

164 2825 320 2902 AugIesaX.
341 2828 429 2890 need,
450 2828 534 2891 need,
552 2827 626 2900 esyci,
644 2826 753 2883 lelund.
766 2826 858 2889 noted,
876 2825 982 2882 Suxeu.
993 2833 1046 2881 vet.
1059 2826 1269 2888 nod‚Schmel·

163 2914 210 2971 ler
237 2914 326 2972 Gless.
357 2935 387 2990 p.
420 2915 470 2980 81,
498 2915 671 2974 Nederlend.
703 2914 778 2971 med.
808 2922 887 2980 noct,
915 2913 1056 2972 Muerluut
1086 2914 1205 2992 Spiegel'
1229 2914 1266 2974 II.

164 3022 195 3079 p.
216 3003 269 3059 115
290 3024 318 3061 v.
337 3003 385 3069 69,
405 3014 432 3061 et
451 3014 527 3070 nest,
546 3005 628 3062 Melis
655 3004 743 3062 Stcke
771 3003 852 3064 VIII.
872 3023 899 3062 r.
923 3002 989 3080 151.
1011 3003 1074 3061 164.
1095 3004 1144 3062 lx.
1166 3005 1268 3080 1.,219

164 3099 230 3156 etc,
257 3091 288 3148 iu
308 3094 395 3150 thect.
415 3113 480 3170 sup.
501 3103 554 3158 ret.
575 3103 636 3151 net.
675 3091 738 3152 Vox
758 3095 873 3168 numfti
891 3111 1010 3169 prorsus
1030 3102 1071 3151 est
1090 3094 1184 3151 aliena
1204 3087 1266 3153 ἀίει-Ι

163 3180 236 3236 lecto
256 3181 496 3256 Inglesaxonicee
516 3193 543 3240 et
563 3181 684 3240 dialecto
703 3182 813 3241 Frisiae
832 3183 943 3239 mediae
964 3191 992 3239 et
1001 3183 1265 3249 urientalis‚eadem

163 3277 288 3324 utuntur
306 3271 421 3328 dialecti
440 3281 604 3347 sequentes:
625 3273 711 3328 theet.
725 3290 789 3347 sup.
809 3280 865 3330 ret.
885 3274 1012 3345 memfte‘,
1031 3276 1144 3346 certmst,
1164 3285 1266 3332 memet

164 3356 249 3414 Graff
266 3356 304 3414 II.
322 3378 353 3434 p.
376 3359 460 3424 1073,
479 3363 565 3418 theet.
585 3379 647 3436 sup.
661 3359 735 3416 med.
757 3363 869 3433 serumst,
888 3361 991 3431 utensi,
1010 3358 1095 3415 theet.
1116 3360 1170 3417 inf.
1188 3363 1264 3420 med.

162 3449 277 3519 svumss,
305 3451 408 3522 munst,
437 3452 515 3506 ntulit
545 3449 656 3507 Grimm
687 3448 735 3505 Gr.
765 3446 804 3504 11.
834 3466 864 3522 p.
897 3445 965 3510 204,
995 3448 1081 3504 theet.
1113 3467 1177 3526 sup.
1207 3470 1264 3512 ree,

162 3538 278 3608 meumst,
307 3540 410 3612 nearest,
439 3538 615 3596 Nederland.
647 3555 704 3594 rec.
735 3539 818 3609 retest,
847 3535 933 3592 etium
965 3535 1101 3593 usitatum
1133 3539 1163 3594 in
1194 3540 1264 3601 dial.

162 3622 289 3680 Glivensi
316 3627 423 3683 saeculi
451 3627 513 3685 XV.
543 3636 629 3701 atque
656 3627 687 3682 in
707 3624 829 3682 dialecto
849 3623 1038 3689 habentius,
1056 3625 1120 3683 ride
1141 3628 1264 3688 Teuthe-

162 3711 238 3768 nistu
258 3720 285 3770 et
305 3713 415 3774 Kilien.
455 3714 517 3775 Vox
536 3715 690 3792 composita
711 3717 891 3788 not-numste'
910 3715 954 3770 vel
974 3718 1127 3789 nctuumst
1140 3723 1264 3777 occurrit

159 3801 196 3858 in
224 3801 293 3859 dial.
322 3805 410 3862 theet.
439 3825 503 3883 sup.
532 3815 587 3864 vet.
616 3805 699 3864 Graff
726 3803 766 3862 II.
786 3823 816 3879 p.
841 3801 925 3866 1077,
944 3803 978 3858 in
998 3803 1085 3863 theet.
1104 3823 1166 3880 sup.
1186 3809 1262 3868 med.

160 3895 318 3965 notuumfl
342 3893 447 3951 Mutter
474 3895 514 3953 II.
538 3915 566 3970 p.
589 3895 657 3960 372,
674 3895 706 3951 iu
727 3894 814 3949 theet.
833 3891 887 3948 inf.
909 3891 1156 3969 medsnctnumst
1175 3895 1264 3954 Sach-

159 3997 255 4056 sensp.
283 3981 329 4039 ed.
358 3982 497 4060 IIcmeyer
527 3984 582 4049 111,
604 3983 662 4060 t.§
695 3983 720 4039 1.
741 3981 766 4045 1,
786 3979 840 4044 13,
859 3979 961 4036 eadem
981 3980 1115 4056 exprimit
1135 3991 1262 4060 tempore

159 4076 258 4124 vetere
285 4070 418 4145 rupinum
450 4072 614 4138 violentam,
644 4081 677 4128 ut
705 4070 785 4126 docet
806 4068 907 4124 titulus
927 4066 998 4145 VIII
1017 4069 1072 4144 leg.
1093 4069 1177 4137 Fris.;
1198 4093 1263 4132 ver.

160 4156 234 4214 bum
264 4168 316 4216 not
343 4170 385 4217 est
414 4162 467 4227 ris,
496 4163 656 4224 necessitas,
684 4169 712 4218 et
730 4160 833 4231 numst
852 4157 1032 4233 (assumptio)
1051 4158 1206 4220 formatum
1227 4184 1264 4228 ex

159 4247 250 4304 verbe
288 4251 394 4307 ne‘mun
431 4251 579 4327 (sumere).
619 4249 689 4309 Voci
718 4247 888 4325 compositae
920 4251 1101 4322 not-uumfli
1129 4250 1161 4306 in
1192 4253 1261 4312 diat.

159 4335 250 4395 thect,
279 4357 343 4415 sup.
375 4350 426 4398 ret.
456 4340 592 4398 adiuncta
612 4348 653 4397 est
674 4357 726 4398 mx
746 4346 903 4394 not-namu
922 4334 1006 4392 Greff
1023 4336 1062 4394 11.
1080 4358 1111 4415 p.
1134 4339 1218 4406 1073,
1236 4352 1264 4400 et
1365 4340 1367 4345 ’
1445 4363 1449 4370 ·

159 4432 285 4501 utruque
305 4427 410 4488 dicitur
429 4431 551 4509 rupinae
572 4430 725 4506 posteriore
744 4427 862 4485 demum
884 4434 1010 4503 tempere
1032 4445 1085 4490 mx,
1112 4434 1267 4508 notneimfl
