3144 5460
348 565 412 614 XIV
752 557 823 610 LE'X
844 559 1049 610 mstottun.

348 789 458 834 amnes
480 763 577 832 lindie
602 757 903 845 dictilileni,1‘ssel
927 776 961 832 et
985 763 1125 842 Vechte,
1150 763 1203 829 rel
1227 765 1304 851 pagi
1327 764 1457 852 antiqui

347 871 508 952 Fletheti,
531 870 672 951 Feluve,
698 869 891 951 Hamaland,
914 869 1023 958 Islego
1048 879 1081 936 et
1103 865 1250 948 Salland,
1275 892 1456 958 numquam

348 979 472 1046 Frisiae
504 987 613 1065 partes
645 987 753 1059 erant,
784 996 890 1064 neque
921 977 1045 1042 incolae
1077 983 1236 1064 pagorum
1272 997 1354 1060 quos
1386 977 1458 1042 dm

349 1087 422 1172 lege
458 1081 642 1150 Frisionum
666 1083 717 1148 usi
753 1095 837 1148 sunt.
884 1077 961 1148 Non
996 1105 1048 1148 me
1083 1080 1168 1169 fugit
1203 1079 1285 1146 illud
1321 1078 1458 1148 Follreri

351 1189 492 1276 diploma
522 1189 598 1253 anni
631 1187 717 1268 855,
749 1211 790 1253 ex
813 1187 953 1275 copiario
978 1185 1185 1253 Werdinensi
1208 1186 1296 1274 typis
1320 1187 1459 1274 impres-
1528 1179 1529 1188 ’

350 1317 423 1362 sum
453 1296 487 1359 in
519 1293 669 1359 Martene
700 1303 733 1358 et
764 1291 901 1358 Durand
934 1289 1129 1358 Collectione
1153 1290 1346 1378 amplissima
1370 1290 1402 1358 L
1427 1317 1459 1379 p.

355 1403 439 1481 140,
462 1400 497 1465 iu
520 1398 717 1485 Kindlinger
739 1397 968 1464 Mttnstersche
993 1396 1145 1484 Beitrtge
1168 1395 1215 1475 Π,
1238 1393 1459 1463 Urkundenb.
1529 1403 1530 1452 ἶ

351 1531 384 1594 p.
412 1508 474 1584 19,
507 1515 539 1570 et
570 1505 603 1569 in
634 1503 823 1569 Laeomblet
845 1503 1054 1568 Rheinisehes
1078 1501 1348 1568 Urkundenbuch
1372 1500 1402 1567 Ι.
1427 1525 1457 1588 p.

355 1615 469 1690 3018,
501 1607 589 1697 quod
621 1610 798 1675 sexcenties
829 1610 892 1676 riri
924 1607 1010 1674 docti
1041 1631 1079 1674 eo
1110 1606 1241 1674 consilio
1265 1605 1355 1671 ducti
1380 1605 1459 1672 alle·

352 1724 523 1807 gaserant,
546 1727 585 1780 ut
609 1713 863 1782 demonstrarent
886 1713 989 1802 legem
1013 1713 1197 1780 Frisionum
1221 1713 1254 1777 in
1270 1713 1458 1800 regionibus

352 1824 416 1890 illis
440 1822 641 1888 observatam
669 1819 776 1885 fnisse.
824 1817 947 1885 Textus
970 1829 1079 1885 autem
1103 1815 1284 1905 diplomatis
1308 1815 1458 1883 Folkeri-

351 1931 405 1996 ani
429 1926 520 1993 nobis
543 1925 699 2004 traditus,
734 1925 908 1991 certissime
932 1948 972 1990 ex
997 1923 1123 1989 duobus
1146 1922 1345 1989 documentis
1369 1943 1458 1987 corn-

354 2035 478 2124 positus
517 2039 583 2110 est,
632 2039 664 2095 et
704 2028 799 2107 dicit,
840 2028 928 2115 quod
968 2053 1008 2095 ex
1049 2030 1120 2116 ipsa
1159 2029 1232 2114 lege
1271 2026 1457 2092 Frisionum

353 2145 554 2225 compertum
586 2133 759 2214 habemus,
794 2133 957 2200 Frisiones
988 2134 1156 2200 orientales
1188 2143 1221 2198 et
1244 2131 1459 2198 occidentales

357 2294 377 2326 „
402 2243 566 2311 semndum
602 2264 664 2307 moa
699 2239 885 2305 Fleaonum”
915 2239 1000 2306 bona
1023 2263 1081 2304 sna
1104 2236 1272 2305 tradidisse
1292 2241 1332 2300 ¹⁹.

402 2349 493 2415 Viris
525 2345 643 2426 doctis,
674 2347 731 2431 qui
762 2356 959 2431 putaverunt
990 2346 1187 2433 temporibus
1211 2343 1459 2429 antiquissimis,

356 2459 462 2545 legem
494 2451 689 2541 Angliorum
722 2462 754 2518 ct
778 2452 1008 2532 Werinorum,
1040 2453 1101 2518 hoc
1125 2463 1173 2518 est
1197 2452 1460 2537 Thuringorum,

356 2564 390 2629 in
421 2560 526 2626 Frisia
558 2559 643 2624 circa
667 2579 723 2623 ora
747 2557 861 2623 Mosae
886 2558 1042 2646 viguisse,
1074 2557 1229 2624 hocloco
1253 2555 1333 2621 nihil
1357 2579 1461 2642 oppo-

350 2705 511 2721 μ

395 2783 425 2829 le
460 2777 571 2826 Textum
599 2773 749 2838 diplomatis
774 2787 850 2838 quem
875 2775 1071 2840 publicaverunt
1096 2775 1214 2824 Martsne
1241 2779 1266 2822 et
1289 2769 1460 2839 Kindlinger,
1528 2759 1529 2762 Ἴ

355 2864 474 2924 repetunt
497 2856 613 2906 Miraeus
637 2849 688 2903 111.
713 2870 739 2919 p.
765 2856 829 2918 5613
856 2855 975 2906 Boudam
1000 2855 1023 2905 Ι.
1039 2871 1066 2920 p.
1084 2861 1128 2918 ³³3
1155 2854 1281 2906 Binterim
1308 2867 1334 2910 et
1351 2861 1461 2910 Mooren

355 2938 425 2988 Cod.
442 2936 506 2999 dipl.
522 2934 545 2985 1.
561 2950 588 2998 p.
607 2935 653 2993 87,
671 2934 776 2996 aliique.

395 3022 424 3068 19
459 3015 549 3065 Verba
576 3013 639 3078 dipl.
666 3027 690 3061 a.
716 3017 764 3060 855
791 3021 864 3064 sunt:
889 3015 964 3079 „ligo
989 3014 1133 3065 Folclrerus
1151 3019 1278 3080 quasdam
1295 3019 1462 3084 proprietatis

357 3110 432 3150 meae
448 3109 490 3147 res
506 3095 533 3145 in
550 3108 620 3159 pago
638 3093 802 3143 Hamulande
818 3094 846 3142 in
870 3095 993 3144 comitatu
1011 3093 1070 3158 W.,
1095 3111 1143 3146 nec
1160 3113 1211 3147 non
1229 3099 1298 3148 etin
1315 3099 1419 3149 Batavo
1436 3100 1461 3148 in

357 3177 485 3230 comitatu
509 3173 552 3236 A,
577 3187 666 3223 coram
690 3174 798 3223 testibus
823 3176 964 3224 secundum
989 3176 1076 3240 legem
1101 3178 1253 3242 Ripuariam
1280 3185 1305 3229 et
1331 3179 1461 3233 Salicem,

359 3275 402 3310 aec
420 3274 467 3308 non
485 3253 616 3305 secundam
633 3268 684 3302 croc
701 3251 849 3312 Fresonam,
867 3255 894 3303 in
910 3256 1095 3319 proprietatem
1116 3258 1266 3309 monasterii
1284 3259 1461 3310 Werdinensis

356 3340 469 3400 tradidi,
486 3344 512 3388 et
529 3335 671 3387 secundum
687 3334 834 3398 praedictas
851 3336 923 3398 leges
945 3337 1082 3387 vestituras
1099 3337 1158 3389 leci.
1190 3339 1265 3388 Haec
1282 3353 1340 3390 snm
1356 3343 1462 3391 nomina

357 3423 476 3471 locorum
493 3417 627 3481 praefatae
643 3415 809 3466 hereditatis:
834 3415 862 3464 in
878 3429 948 3480 pago
965 3415 1088 3479 Pelva„
1116 3418 1142 3466 in
1159 3433 1229 3483 pago
1246 3419 1419 3482 Flethetti..,
1436 3422 1462 3470 in

359 3499 446 3549 insula
470 3497 604 3545 Batus...
637 3492 700 3542 Item
726 3494 942 3544 commentariolum
967 3495 996 3544 dc
1013 3496 1144 3547 hereditate
1162 3495 1278 3561 Folkeri,
1304 3517 1374 3565 quam
1392 3502 1464 3551 dabat

359 3583 386 3630 r'n
397 3577 500 3630 Flisr'a:
519 3579 544 3624 ia
559 3589 626 3640 papo
644 3571 749 3623 Kinlem
768 3575 798 3637 (i.
816 3587 838 3622 e.
855 3575 1073 3638 Kennemerland,
1091 3583 1159 3626 terra
1175 3577 1413 3645 Nordhollandiae)
1424 3615 1457 3641 ..,

358 3663 386 3712 a'a
400 3675 467 3726 papo
490 3653 630 3708 Westracti
645 3654 684 3716 (in
701 3654 787 3703 Frisia
803 3654 871 3703 inter
886 3654 930 3704 un
948 3663 973 3705 et
990 3656 1127 3706 Laubachi
1143 3657 1208 3725 sito)
1219 3694 1257 3722 ..,
1281 3661 1306 3710 r'n
1320 3676 1387 3726 papo
1404 3659 1462 3710 Ha·

357 3739 437 3792 merki
462 3737 502 3806 (in
528 3735 614 3785 Frisia
639 3735 705 3784 inter
730 3733 866 3784 Laubachi
892 3743 918 3784 et
935 3733 1066 3785 Wisaram
1084 3736 1149 3805 sito)
1164 3774 1187 3790 ..
1222 3740 1294 3791 Haec
1312 3741 1394 3806 igitur
1413 3749 1462 3790 tra·

356 3823 423 3875 ditio
448 3820 518 3870 facta
541 3822 580 3868 est
604 3829 692 3865 coram
709 3816 817 3864 testibus
842 3815 868 3864 in
885 3829 955 3880 pago
972 3815 1097 3867 Flathetti
1114 3818 1141 3867 in
1158 3819 1223 3869 villa
1240 3820 1376 3883 Hlara..,
1393 3827 1419 3870 et
1436 3821 1462 3869 in

355 3918 427 3969 pago
451 3901 538 3949 Batua
554 3897 581 3946 in
598 3896 662 3945 villa
679 3895 795 3960 Hlegilo.
829 3896 902 3946 Haec
920 3903 979 3947 snut
995 3899 1099 3948 nomina
1117 3901 1238 3964 testium,
1264 3903 1308 3966 qui
1325 3903 1393 3952 hanc
1410 3908 1462 3951 tra·

357 3985 482 4034 ditionem
508 3977 650 4029 secundum
676 3977 761 4040 legem
786 3977 973 4042 Ripnariorum
998 3977 1054 4028 fieri
1080 3980 1224 4032 viderunt.”
1258 3980 1349 4032 Verba
1376 3989 1462 4032 textus

357 4076 426 4128 qnae
452 4064 511 4110 suut
536 4057 705 4120 interpolata,
732 4057 800 4120 typis
818 4057 925 4107 cursivis
944 4059 1114 4109 exscribenda
1132 4063 1234 4124 curari3
1259 4075 1343 4126 eaque
1360 4070 1463 4128 sumpta

358 4156 453 4194 censeo
480 4153 514 4189 ex
541 4136 594 4185 alio
622 4139 735 4199 quodam
753 4137 910 4201 diplomate,
937 4152 990 4201 qno
1006 4139 1136 4191 Follrerns
1154 4142 1281 4192 coenobio
1299 4140 1463 4198 Wardinensi

358 4225 429 4275 bona
453 4220 481 4270 in
506 4215 594 4266 Frisia
620 4217 733 4267 donavit.
768 4216 821 4277 Qut
847 4218 983 4283 diplomati
1000 4220 1137 4286 adscripsit
1153 4222 1319 4272 donationem
1336 4223 1463 4272 bonorum

361 4301 536 4356 Fririeornm,
562 4296 681 4347 inseruit:
708 4298 761 4348 item
779 4299 995 4350 commentariolum
1012 4306 1073 4361 etc,
1097 4307 1123 4352 et
1141 4301 1241 4353 addidit
1257 4304 1337 4352 verba
1354 4317 1398 4353 aec
1416 4320 1462 4354 noa

357 4379 491 4434 secundam
508 4393 559 4426 otoo
576 4374 719 4427 bleranam.
