3144 5460
351 558 369 620 2
398 561 476 639 ffl
759 569 828 618 unx
851 569 1058 618 umerorum.

884 795 930 841 v1.

403 879 440 946 si
472 882 608 948 liberum
641 881 812 961 occiderit,
843 882 961 948 solidos
992 879 1080 946 LIII
1108 889 1141 944 et
1165 900 1265 943 unum
1291 876 1484 942 denarium

355 987 470 1069 solvat,
509 1000 543 1055 et
582 988 608 1052 si
648 989 833 1076 negaverit,
872 1010 944 1054 eum
985 987 1135 1054 undecim
1175 983 1484 1050 sacramentalibus

353 1093 449 1160 iuret.

876 1217 937 1266 VII.

404 1303 441 1370 Si
472 1304 565 1370 litum
597 1304 761 1380 occiderit,
791 1303 908 1370 solidos
936 1301 1085 1369 XXVII
1109 1325 1174 1368 uno
1198 1301 1330 1366 denario
1356 1301 1480 1366 minua

356 1424 525 1497 componat
556 1410 685 1476 domino
718 1433 794 1488 suo,
830 1422 862 1476 et
893 1409 1082 1497 propinquis
1119 1407 1215 1474 oecisi
1254 1404 1374 1471 solidos
1410 1405 1477 1472 IX

355 1521 523 1602 exeepte⁹
557 1517 652 1581 tertia
675 1527 766 1602 parte
790 1515 885 1580 unius
910 1515 1050 1593 denarii,
1075 1526 1107 1579 st
1131 1514 1157 1578 si
1179 1513 1366 1602 negaverit,
1387 1536 1474 1578 eum

356 1622 498 1706 quinque
523 1620 804 1686 sacramentalibus
827 1620 922 1684 iuret.

868 1745 944 1790 vm.

402 1829 435 1896 Si
461 1830 538 1896 litus
562 1830 698 1896 nobilem
723 1831 887 1912 occiderit,
912 1830 1057 1898 similiter
1075 1828 1219 1894 LXXX
1238 1827 1356 1894 solidos
1373 1851 1472 1894 eom-

355 1947 470 2022 ponat,
498 1950 555 2000 aut
579 1937 605 2000 si
629 1938 815 2022 negaverit,
838 1959 912 2002 cum
936 1936 1070 2022 triginta
1095 1936 1240 2021 quiaque
1264 1934 1472 2000 iuratoribus

356 2065 433 2107 suae
456 2041 644 2107 conditionis
668 2064 703 2106 se
726 2054 859 2108 excuset
866 2067 875 2120 ;
899 2045 978 2108 inter
1001 2041 1167 2107 Laudaelti
1190 2054 1217 2106 et
1249 2041 1417 2120 Wieuram,
1438 2056 1472 2109 et

357 2152 399 2213 eie
422 2149 493 2226 Flv',
516 2170 584 2210 eum
607 2145 770 2212 XLVIII
789 2152 816 2197 ¹¹
843 2151 930 2213 iuret.

403 2355 439 2424 Si
470 2358 605 2424 liberum
639 2355 807 2438 occiderit,
843 2271 960 2424 solides
985 2357 1073 2423 LIII
1105 2369 1138 2422 et
1166 2379 1266 2422 unum
1291 2357 1466 2424 denarium

355 2466 469 2545 solvat,
493 2477 526 2530 et
550 2465 575 2528 si
600 2465 781 2551 negaverit,
806 2486 880 2529 cum
904 2463 1035 2529 XXIII
1060 2463 1341 2528 sacramentalibus
1365 2464 1465 2528 iuret.

403 2671 438 2742 Si
471 2674 563 2739 litum
595 2673 763 2752 occiderit,
789 2589 1079 2740 solidoffkxvu
1102 2696 1167 2739 uno
1200 2674 1330 2739 denario
1354 2675 1465 2740 minus
1553 2757 1554 2762 ἵ

354 2791 523 2868 componat
547 2780 675 2846 domino
699 2802 768 2860 suo,
794 2791 826 2846 et
859 2779 1047 2868 propinquis
1071 2779 1166 2844 occisi
1191 2778 1307 2845 solidos
1327 2779 1383 2844 IX
1406 2805 1467 2847 ex·

355 2900 448 2973 cepta
474 2892 488 2935 9
523 2887 618 2950 tertia
650 2896 742 2972 parte
775 2888 870 2952 unius
903 2886 1043 2965 denarii,
1075 2895 1108 2950 et
1136 2885 1162 2950 si
1186 2887 1371 2972 negaverit,
1400 2888 1465 2953 sibi

355 2990 563 3057 duodecimus
586 2991 679 3054 iuret.

407 3098 493 3160 Inter
523 3095 577 3158 fitz·
614 3105 643 3159 et
672 3095 845 3182 Sinrsalam
884 3097 1059 3184 wereqildus
1097 3097 1207 3161 nobilia
1242 3095 1271 3160 O
1301 3098 1395 3161 solidi
1415 3101 1462 3176 ¹2,

357 3199 448 3266 tiberi
469 3199 517 3280 L,
549 3201 597 3265 liti
618 3199 728 3266 XXV
754 3201 858 3286 (solid.
891 3203 1017 3268 denarii
1038 3200 1096 3266 III
1119 3225 1217 3268 novae
1244 3209 1398 3292 monetae)
1423 3209 1465 3268 ¹3.

403 3310 493 3374 Inter
516 3307 680 3372 Laubacdi
701 3321 728 3373 et
756 3310 912 3376 Wisaram
931 3308 1110 3394 wereya'ldus
1134 3309 1242 3373 nodatis
1263 3306 1345 3375 CVI
1368 3313 1468 3377 solidi

357 3425 386 3480 et
409 3417 471 3478 duo
495 3415 633 3491 denarii,
658 3413 747 3478 la‘beri
768 3413 858 3479 LIII
881 3414 974 3480 solidi
996 3427 1025 3479 et
1049 3415 1231 3493 denarium,
1260 3415 1309 3480 liti
1330 3414 1466 3482 XXVI

356 3519 449 3582 solidi
471 3529 500 3582 et
523 3519 677 3595 dimidius,
702 3530 730 3583 et
749 3523 897 3585 dimidius
920 3522 1073 3586 tremissia.

888 3643 936 3687 xr.

404 3723 440 3793 Si
465 3729 537 3813 quis
561 3726 676 3805 home,
708 3727 775 3791 sive
798 3727 931 3807 nobilis,
964 3728 1032 3794 sive
1055 3729 1152 3809 liber,
1182 3731 1250 3795 sive
1274 3731 1367 3806 lituS,
1394 3733 1464 3797 sive

357 3835 453 3900 etiem
484 3857 614 3915 servus,
651 3835 784 3900 alterius
820 3857 949 3900 servum
980 3835 1151 3912 occiderit,
1188 3847 1356 3922 componat
1385 3861 1463 3904 eum

356 3942 447 4005 iuxta
471 3941 559 4026 quod
582 3939 681 4006 fuerit
704 3938 912 4025 adpretiatus,
937 3955 970 4004 et
993 3941 1141 4005 dominus
1162 3941 1231 4005 eius
1249 3942 1348 4028 ipsius
1364 3945 1463 4028 pretii

357 4069 430 4112 eum
462 4044 562 4110 fuisse
586 4057 782 4112 sacramento
814 4069 872 4111 suo
901 4047 1059 4111 'iuraverit
1080 4050 1120 4110 ¹⁴.
1167 4045 1261 4136 (ΧΗ.)
1310 4046 1409 4129 Quod
1433 4051 1462 4115 si

356 4151 517 4238 quaelibet
552 4175 593 4216 ex
628 4153 799 4239 praedietis
838 4152 982 4238 personis
1013 4152 1074 4217 hoe
1098 4152 1303 4218 homicidium
1328 4177 1362 4219 se
1386 4180 1459 4242 per·

356 4267 498 4342 petresse
531 4258 716 4344 negaverit,
753 4258 843 4322 iuxta
867 4257 956 4344 quod
980 4280 1103 4322 sumnia
1126 4258 1226 4344 precii
1250 4258 1345 4324 occisi
1369 4285 1460 4326 man-

355 4363 428 4448 eipii
465 4361 562 4428 fuerit
598 4365 781 4442 aestimata,
817 4363 929 4428 maiori
966 4363 1017 4428 vel
1049 4363 1163 4428 minori
1195 4375 1392 4432 sacramento
1425 4391 1459 4433 se
