3144 5460
346 601 431 654 ΧΙΝΙ
812 607 882 654 Lux
903 601 1111 654 PRISIONUH·

348 827 449 892 quum
474 828 513 870 ex
538 827 608 870 moa
631 807 790 872 sententia
813 803 1006 874 conderetur
1029 805 1166 873 Additio
1190 806 1398 887 Frisionum,
1428 810 1468 874 in

346 912 595 1000 congregatione
628 909 746 978 ducum
777 933 815 977 ao
846 911 998 978 comitum
1026 911 1226 1002 Aquisgrani
1249 913 1360 979 habits
1386 915 1469 1000 pri-

347 1039 452 1096 mum,
477 1029 515 1082 ut
538 1040 669 1084 censere
692 1017 802 1097 liceat,
826 1016 958 1104 quidam
983 1018 1044 1084 viri
1068 1019 1220 1085 dixerunt
1244 1018 1297 1084 vel
1325 1017 1467 1084 indica-

346 1133 482 1203 verunt,
507 1145 571 1209 qua
595 1123 719 1190 ratione
742 1125 792 1189 ius
816 1122 977 1190 Frisicum
993 1135 1077 1190 esset
1100 1123 1378 1204 constituendum,
1399 1125 1461 1190 vel

346 1227 506 1315 quomodo
531 1228 584 1296 lex
607 1227 789 1295 Frisionum
813 1239 897 1294 esset
919 1226 1119 1296 emendanda
1142 1243 1176 1296 et
1199 1253 1284 1316 quae
1307 1230 1463 1316 capitula

346 1335 450 1402 eidem
474 1346 580 1401 essent
603 1333 751 1401 addenda
758 1359 768 1413 3
792 1346 870 1400 tuuc
894 1333 1005 1414 duces,
1035 1336 1166 1401 comites
1200 1335 1251 1410 rel
1283 1335 1346 1400 viri
1378 1335 1460 1413 alii,

346 1463 427 1528 quos
463 1442 637 1527 imperator
668 1439 868 1529 Aquisgrani
901 1453 1173 1528 congregaverat,
1205 1439 1291 1506 dicta
1317 1440 1460 1506 illorum

345 1557 626 1636 pertractaverunt
644 1549 693 1623 ⁵⁵3
733 1557 766 1611 et
805 1545 935 1611 tandem
971 1545 1145 1634 imperator
1180 1547 1328 1625 consilia,
1365 1569 1461 1632 quae

345 1652 532 1739 congregati
556 1662 725 1738 ceperant,
758 1653 892 1717 saucivit
916 1674 954 1718 ac
976 1653 1194 1740 promulgavit
1212 1658 1255 1716 ⁵⁶.
1302 1649 1378 1718 Viri
1401 1653 1458 1720 illi

345 1757 403 1844 qui
434 1757 634 1846 Aquisgrani
668 1757 709 1824 de
734 1757 805 1846 lege
829 1756 1027 1824 emendanda
1051 1757 1292 1836 iudicaverunt,
1316 1759 1349 1823 in
1375 1757 1455 1824 An-

344 1861 470 1928 nalibus
494 1862 816 1931 Laurislramensibus
840 1875 996 1930 vocantur
1025 1864 1359 1951 legislatores,
1375 1864 1396 1929 i.
1423 1888 1456 1934 e.

345 1971 401 2056 qui
425 1969 527 2057 legem
552 1969 626 2058 (aut
650 1967 811 2057 quoddam
835 1970 916 2058 legis
940 1970 1134 2058 capitulum)
1158 1968 1299 2035 tulerunt
1323 1969 1376 2034 vol
1394 1993 1453 2034 ro-

343 2086 517 2166 gaverant3
552 2076 585 2138 in
622 2073 693 2162 lege
724 2086 831 2140 autem
864 2073 1048 2140 Frisiorum
1081 2076 1350 2162 sepientes,
1374 2076 1397 2140 i.
1421 2100 1452 2140 e.

344 2181 493 2259 scientes,
517 2178 568 2245 vel
593 2180 686 2268 gnari
709 2180 756 2245 rei
780 2179 867 2244 illius
891 2179 932 2246 de
957 2204 1022 2267 qua
1045 2181 1099 2246 lex
1122 2183 1164 2246 sit
1186 2179 1328 2246 ferenda.
1368 2178 1452 2267 Ipsa
1544 2181 1545 2184 ’

344 2287 531 2374 capitularia
572 2283 687 2354 Karoli
725 2285 842 2373 Magni
882 2298 1129 2352 commemorant
1176 2286 1449 2372 sapientes,

344 2393 399 2461 vel
434 2415 541 2458 rerum
577 2413 712 2478 gnaros,
747 2401 891 2458 versatos
925 2391 1023 2458 fuisse
1054 2393 1087 2456 in
1118 2391 1246 2479 legibus
1270 2389 1450 2456 condendis

341 2502 377 2570 in
409 2521 503 2563 usum
532 2497 662 2584 populi3
685 2497 822 2584 legimus
845 2497 878 2562 in
903 2496 1071 2583 capitulari
1094 2498 1169 2562 anni
1195 2498 1261 2563 789
1286 2520 1356 2584 cap.
1382 2498 1447 2567 62:

343 2607 444 2672 iudici
478 2603 635 2688 dilipsnter
669 2603 815 2668 ducenda
852 2616 895 2668 est
930 2603 981 2668 lea
1012 2627 1033 2668 a
1063 2605 1255 2690 sapientibus
1272 2603 1393 2689 populo
1412 2607 1445 2655 ⁵⁷

342 2711 526 2798 composita,
556 2707 647 2774 Mon.
680 2704 723 2773 G.
754 2705 815 2774 SS.
840 2707 866 2772 Ι.
890 2732 921 2795 p.
948 2709 1000 2774 63.
1050 2706 1278 2774 Wulemarum
1303 2719 1336 2772 et
1360 2705 1445 2773 Sax-

342 2819 516 2894 mundum‚
550 2816 607 2902 qui
637 2815 743 2904 legem
767 2814 949 2882 Frisionum
975 2813 1246 2895 emendaverunt,
1271 2815 1367 2900 eique
1391 2837 1445 2879 oa-

342 2923 446 3011 pitula
480 2918 692 2997 addiderunt,
727 2919 807 2984 iuris
841 2919 958 2986 Frisici
992 2921 1113 3008 peritos
1147 2919 1262 2998 fuisse,
1297 2942 1362 2984 non
1395 2931 1444 2989 est

342 3026 431 3114 quod
462 3024 645 3090 dubitemus
653 3048 663 3100 ς
695 3044 794 3109 quum
820 3024 908 3112 leges
932 3024 1115 3090 Frisionum
1140 3037 1246 3091 essent
1269 3023 1443 3090 emendan-

342 3135 403 3200 dae
426 3131 479 3198 vel
503 3127 710 3215 supplendae,
727 3129 851 3194 nonnisi
866 3131 945 3196 iuris
974 3130 1090 3196 Frisioi
1113 3131 1209 3217 periti
1233 3129 1295 3195 dici
1318 3132 1441 3216 potuis·

340 3297 497 3318 m

375 3407 407 3451 55
442 3399 494 3451 Cir.
520 3397 663 3462 capitular.
690 3395 722 3445 sd
748 3397 799 3460 icg.
826 3394 906 3446 Salio.
933 3397 992 3446 anni
1018 3397 1067 3446 inc.
1084 3397 1131 3446 sub
1162 3396 1305 3447 Ludowioo
1323 3399 1443 3462 imperat.

340 3484 373 3533 de
392 3482 443 3530 hoc
454 3477 569 3542 capitulo
581 3476 713 3526 iudicatum
730 3485 765 3524 est
781 3478 812 3525 ob
830 3476 947 3538 omnibus,
963 3491 1022 3541 cap.
1039 3482 1064 3526 2.
1082 3481 1105 3526 5.
1118 3481 1147 3538 63
1165 3476 1335 3527 r'uds'coverunt
1350 3493 1441 3542 omncs,

338 3577 395 3627 esp.
414 3565 445 3622 8,
461 3558 533 3608 Mon.
551 3554 640 3606 Germ.
654 3555 711 3604 LL.
730 3555 752 3604 l.
767 3570 794 3618 p.
811 3560 869 3605 225.
887 3562 944 3606 226.

375 3646 408 3692 co
443 3636 613 3691 Additionem
629 3635 696 3698 legis
713 3634 830 3685 Frisicae
847 3650 899 3688 non
917 3650 973 3690 csse
990 3638 1075 3700 legem
1093 3637 1119 3689 in
1138 3639 1287 3702 angustiore
1304 3639 1376 3690 vocis
1392 3654 1442 3690 no·

338 3722 427 3782 tione,
451 3716 498 3768 sed
521 3722 619 3765 tanturn
646 3714 847 3764 declarationem
875 3716 1004 3778 quandam
1030 3716 1175 3767 Wulemari
1201 3727 1227 3768 et
1245 3717 1389 3768 Saxmundi
1405 3721 1440 3770 de

338 3805 395 3854 iure
411 3800 529 3858 Frisico‚
549 3810 624 3859 quam
645 3793 769 3844 Germani
788 3791 878 3845 dicunt
905 3793 1050 3858 Warthan,
1067 3797 1100 3846 iis
1117 3798 1195 3862 piane
1213 3799 1353 3860 refellitur,
1371 3813 1439 3862 quse

338 3887 366 3935 in
391 3879 535 3932 Additione
561 3877 685 3939 legimus3
702 3876 819 3939 plurimis
837 3877 904 3926 euim
922 3877 1042 3940 capitulis
1059 3876 1225 3939 Additiouis,
1242 3879 1440 3929 constitutiones

338 3964 406 4027 legis
431 3959 548 4010 Frisicae
574 3965 721 4019 mutantur,
737 3957 854 4021 inprimis
872 3965 958 4006 autem
975 3959 1088 4008 mulctae
1104 3957 1176 4008 illios
1194 3967 1321 4022 augentur
1338 3967 1363 4008 ct
1381 3961 1437 4023 qui·
1540 3965 1541 3990 ¹

339 4045 399 4094 dsm
415 4040 586 4105 triplicantur.
619 4035 728 4088 Omnem
746 4037 830 4100 legam
848 4037 988 4099 Frisicam,
1007 4038 1048 4090 vel
1066 4038 1150 4092 solam
1169 4038 1350 4100 Additionsm,
1371 4041 1439 4096 sius-

339 4123 411 4173 modi
439 4133 496 4170 esse
525 4117 725 4166 declarationem
752 4117 814 4166 iuris
841 4117 935 4165 Frisici
961 4124 1066 4167 censent
1090 4132 1142 4166 ron
1168 4117 1277 4168 Daniele
1304 4119 1438 4170 Deutsohe

338 4202 460 4264 Reichsg.
485 4199 507 4249 1.
532 4213 559 4263 p.
586 4202 651 4257 262,
677 4195 775 4248 Stobbe
801 4197 836 4246 D.
861 4195 1062 4260 Rechtsqasllen
1088 4199 1110 4248 1.
1135 4213 1161 4264 p.
1190 4203 1236 4249 183
1255 4206 1281 4250 et
1298 4198 1385 4250 Waitz
1402 4200 1437 4256 Ι),

338 4281 456 4333 Verisss.
473 4277 508 4328 G.
522 4277 573 4329 111.
591 4294 617 4343 p.
637 4282 692 4328 145.

374 4364 406 4412 ⁵7
440 4359 501 4409 Non
528 4365 566 4409 ost
592 4359 661 4421 quod
686 4358 851 4408 emendamus
870 4372 927 4410 cnm
945 4357 1032 4412 Writr
1052 4357 1183 4412 Dsutschc
1201 4357 1317 4414 Verisss.
1335 4359 1368 4410 G.
1386 4360 1435 4411 111.

334 4461 363 4518 p.
379 4443 429 4494 507
447 4453 538 4493 uocem
551 4437 643 4504 populo
661 4438 687 4488 in
701 4436 797 4502 populi.
