3144 5460
334 561 353 610 i.
725 554 794 602 LEX
816 551 1021 602 amarorum.

332 765 547 830 demonstrata
585 761 782 826 Iudiciorum
821 759 1000 826 Wnlernari
1035 782 1109 824 cum
1146 761 1218 846 lege
1254 757 1480 822 Frisionurn

332 884 363 935 et
396 869 549 934 dissensio
581 869 665 932 inter
696 865 821 932 Iudicia
847 865 1029 932 Wnlemari
1062 876 1094 930 et
1123 864 1227 953 legem
1252 863 1481 950 Thur-ingo-

334 1001 413 1040 rum.
462 975 535 1040 Non
569 974 706 1038 assentio
739 973 808 1038 viro
840 973 1022 1037 doctissimo
1054 969 1168 1036 Witda
1192 971 1247 1057 qui
1273 967 1484 1044 censebat,

332 1105 457 1148 ornnem
485 1129 503 1158 ‚‚
528 1082 631 1167 legem
658 1077 851 1167 Angliorum
877 1090 909 1145 et
933 1077 1162 1155 Werinorum‚
1188 1077 1249 1142 hoc
1272 1088 1323 1142 est
1350 1074 1478 1138 Thu-

333 1188 514 1276 ringorum”
546 1209 609 1250 non
641 1209 709 1250 esse
742 1209 852 1261 unam,
878 1184 934 1250 sed
959 1208 1000 1250 ex
1024 1185 1159 1250 diversis
1183 1183 1331 1270 partibus
1360 1204 1478 1244 com-

332 1296 466 1380 positam
487 1297 535 1368 61;
572 1292 712 1378 capitula
749 1292 834 1356 enim
876 1291 953 1378 legis
994 1289 1255 1376 Thuringorum,
1295 1287 1474 1372 exceptis

332 1400 458 1465 indiciis
500 1398 695 1475 Wulernari,
734 1397 854 1482 ubique
892 1399 975 1462 inter
1011 1419 1044 1460 se
1081 1407 1273 1482 congruunt.
1334 1393 1474 1456 Multo

332 1507 436 1572 minus
472 1504 576 1568 facere
613 1525 741 1588 possum
778 1526 851 1568 cum
890 1502 1053 1568 Hermann
1090 1502 1217 1568 Maller
1258 1501 1328 1565 Der
1375 1496 1472 1562 Lex

333 1612 438 1674 natica
464 1609 529 1673 nnd
554 1609 613 1672 der
638 1609 708 1672 Lex
735 1607 927 1696 Angliornm
953 1619 985 1672 et
1011 1607 1221 1674 Werinorum
1251 1605 1352 1671 Alter
1382 1604 1469 1670 und

336 1716 481 1792 Haimat,
522 1714 709 1800 Wiiraburg
749 1716 847 1780 1840.
885 1739 913 1801 p.
952 1717 1013 1778 111
1036 1719 1078 1791 ⁶2,
1112 1715 1167 1800 qui
1199 1715 1323 1800 putavit
1352 1713 1469 1778 Thu-

334 1825 458 1907 ringns‚
496 1844 633 1906 qnorum
670 1833 717 1884 est
755 1821 807 1885 lex
839 1820 1100 1907 Tlruringornm‚
1137 1820 1295 1884 habitasse
1328 1820 1364 1883 in
1397 1844 1468 1884 ore

333 1928 470 1992 tinininis
498 1927 618 2004 Mosae,
644 1939 741 2011 atque
766 1929 927 2012 exposuit,
954 1928 1057 2014 legem
1091 1926 1334 2012 Thuringorum
1373 1949 1463 1989 cum

334 2036 404 2120 lege
440 2033 621 2096 Frisionnrn
655 2045 787 2117 propter
817 2032 1009 2097 vicinitatem
1038 2033 1206 2116 utriusque
1231 2032 1341 2118 populi
1370 2055 1463 2096 con-

334 2140 461 2204 sentire.
510 2136 672 2222 Equidem
696 2160 759 2201 non
785 2136 915 2216 dubito,
941 2139 1018 2224 quin
1045 2139 1151 2223 opinio
1175 2139 1254 2202 haec
1279 2140 1320 2202 sit
1343 2139 1461 2212 falsn;

334 2249 395 2309 iarn
430 2267 528 2330 supra
552 2244 583 2306 in
610 2242 806 2328 praefatione
831 2269 862 2331 p.
886 2243 976 2310 XIV
1002 2245 1085 2323 dixi,
1120 2243 1306 2330 Thuringos
1332 2244 1363 2306 in
1395 2268 1460 2308 ore

335 2351 446 2415 Mosae
482 2349 620 2414 fluminis
656 2373 718 2414 non
755 2350 933 2428 habitasse,
970 2361 1068 2436 atque
1092 2349 1125 2414 id
1150 2351 1213 2415 aiio
1238 2352 1270 2413 in
1296 2350 1366 2414 loco
1394 2375 1460 2414 co-

335 2458 455 2543 piosius
479 2479 651 2541 exponam3
678 2468 821 2543 ternpore
846 2481 910 2543 quo
936 2459 1023 2544 leges
1048 2455 1230 2522 Frisionnm
1253 2470 1284 2520 et
1301 2457 1456 2520 Thurin-

334 2585 448 2648 gorum
485 2563 622 2646 scriptae
656 2574 747 2640 sunt,
784 2565 930 2650 regiones
962 2564 1003 2628 ad
1028 2565 1144 2629 ostium
1168 2563 1306 2628 fluminis
1331 2563 1458 2628 Mosae

335 2670 413 2734 sitae
438 2667 569 2732 fuerunt
594 2668 745 2748 Frisicae‚
769 2682 866 2756 atque
891 2668 953 2734 illis
978 2671 1068 2734 annis
1094 2669 1211 2756 quibus
1235 2669 1456 2735 Wulemarns

1544 2441 1546 2492 i

1544 2643 1546 2712 i

336 2777 453 2840 indicia
478 2775 542 2864 legi
568 2775 710 2841 Frisicae
735 2775 878 2856 addidit,
901 2787 1025 2863 partem
1050 2775 1197 2842 fecerunt
1219 2775 1363 2841 Frisicae
1396 2799 1457 2840 oc·
1544 2840 1545 2843 ,

336 2882 519 2959 cidentalis,
551 2883 634 2946 inter
665 2882 780 2948 fluvios
817 2880 944 2949 Sinkfal
970 2893 1002 2949 et
1026 2881 1078 2947 Fli
1103 2883 1191 2948 sitae.
1240 2881 1363 2947 Errant
1388 2905 1454 2944 au-

336 3001 402 3052 tem
427 2988 484 3072 qui
508 2998 633 3072 putant,
658 2986 777 3052 iudicia
801 2987 996 3070 Wnlemari,
1016 2989 1050 3054 in
1067 2999 1192 3055 textum
1209 2987 1454 3054 Heroldianum

337 3094 418 3178 legis
443 3091 686 3178 Thuringortnn
711 3105 858 3181 recepta,
883 3095 924 3161 ad
948 3095 1087 3161 Frisiam
1110 3094 1339 3160 occidentalem
1365 3094 1455 3159 refe-

338 3198 438 3264 renda
461 3220 547 3276 esse3
572 3221 670 3288 supra
694 3199 920 3279 demonstravi,
944 3200 1055 3267 eadem
1079 3199 1191 3268 addita
1214 3224 1283 3268 esse
1299 3200 1341 3266 ad
1357 3201 1452 3265 locos
1547 3226 1548 3261 i

337 3306 420 3396 legis
456 3305 660 3387 Frisiorum,
694 3307 783 3396 iique
819 3329 926 3374 omnes
963 3309 1126 3395 pertinent
1153 3307 1194 3373 ad
1219 3307 1355 3375 Frisiam
1380 3331 1454 3374 me-

339 3413 425 3476 diam
448 3413 532 3477 inter
556 3413 610 3478 Fli
634 3424 666 3478 et
689 3414 858 3482 Laubaehi
882 3415 984 3481 sitam.

387 3514 482 3596 Quae
506 3540 606 3603 quum
630 3519 676 3582 ita
700 3521 771 3586 sint.
796 3521 932 3606 reprobo
956 3523 1122 3610 opiniones
1138 3521 1238 3587 dictas
1256 3520 1296 3587 de
1312 3520 1452 3587 Iudiciis

340 3621 535 3702 Wulemari,
558 3635 656 3709 atque
680 3647 804 3703 censeo,
831 3649 869 3691 ca
892 3625 933 3690 ad
959 3626 1120 3694 Frisionas
1145 3627 1306 3714 pertinere
1323 3639 1355 3692 et
1374 3652 1453 3714 par·
1547 3714 1548 3719 ἵ

341 3743 409 3794 tem
433 3729 511 3815 legis
537 3727 721 3795 Frisionum
745 3730 868 3798 fecisse.
1372 3731 1382 3746 ’

389 3833 511 3922 Scripsi
550 3835 728 3928 Darnsdorf
760 3839 790 3902 in
832 3837 947 3905 Silesia
971 3839 1002 3904 d.
1042 3839 1138 3905 XXI
1174 3841 1287 3906 mensis
1325 3841 1452 3925 Aprilis

343 3967 362 4006 a
400 3941 497 4007 1862.

380 4195 409 4238 ol
447 4190 536 4238 Wilda
555 4187 698 4237 Strasreclrt
715 4205 741 4252 p.
763 4194 823 4248 105,
844 4188 889 4238 cfr.
907 4188 1004 4239 Stobbe
1023 4189 1057 4240 Ι).
1075 4189 1198 4254 Rechtsq.
1215 4189 1237 4240 Ι.
1255 4207 1280 4255 p.
1301 4193 1356 4238 177.

380 4275 412 4317 62
448 4267 501 4317 Cir.
527 4269 604 4316 ctiam
632 4269 787 4331 Molhnysen
818 4268 1026 4332 Aanmerkingen
1044 4283 1105 4320 over
1123 4271 1154 4320 de
1173 4271 1230 4320 Lex
1250 4272 1407 4334 Angliornm
1427 4275 1452 4322 in

345 4349 446 4413 Nijhoff
459 4348 598 4411 Bijdragen
616 4348 667 4398 III.
685 4366 709 4412 p.
728 4355 769 4396 62.

1289 4457 1310 4519 g
