<?xml version="1.0" encoding="UTF-8"?>
<!DOCTYPE html PUBLIC "-//W3C//DTD XHTML 1.0 Transitional//EN"
    "http://www.w3.org/TR/xhtml1/DTD/xhtml1-transitional.dtd">
<html xmlns="http://www.w3.org/1999/xhtml" xml:lang="en" lang="en">
 <head>
  <title>
</title>
<meta http-equiv="Content-Type" content="text/html;charset=utf-8" />
  <meta name='ocr-system' content='tesseract 3.04.00' />
  <meta name='ocr-capabilities' content='ocr_page ocr_carea ocr_par ocr_line ocrx_word'/>
</head>
<body>
  <div class='ocr_page' id='page_1' title='image "./delexfrisionumu00saxmgoog_0215.png"; bbox 0 0 3156 5464; ppageno 0'>
   <div class='ocr_carea' id='block_1_1' title="bbox 544 554 1398 622">
    <p class='ocr_par' dir='ltr' id='par_1_1' title="bbox 544 554 1398 622">
     <span class='ocr_line' id='line_1_1' title="bbox 544 554 1398 622; baseline -0.004 -2"><span class='ocrx_word' id='word_1_1' title='bbox 544 557 660 620; x_wconf 81' lang='lat' dir='ltr'>Iubux</span> <span class='ocrx_word' id='word_1_2' title='bbox 683 554 824 618; x_wconf 79' lang='lat' dir='ltr'><strong>Reuuu.</strong></span> <span class='ocrx_word' id='word_1_3' title='bbox 1160 554 1221 618; x_wconf 76' lang='lat'><strong>155</strong></span> <span class='ocrx_word' id='word_1_4' title='bbox 1272 591 1275 597; x_wconf 93' lang='lat'>·</span> <span class='ocrx_word' id='word_1_5' title='bbox 1341 618 1344 622; x_wconf 71' lang='grc'>,</span> <span class='ocrx_word' id='word_1_6' title='bbox 1395 583 1398 587; x_wconf 94' lang='grc'><em>·</em></span> 
     </span>
    </p>
   </div>
   <div class='ocr_carea' id='block_1_2' title="bbox 111 751 1233 1006">
    <p class='ocr_par' dir='ltr' id='par_1_2' title="bbox 111 751 1233 1006">
     <span class='ocr_line' id='line_1_2' title="bbox 151 751 1233 833; baseline 0.006 -27"><span class='ocrx_word' id='word_1_7' title='bbox 151 752 225 826; x_wconf 79' lang='lat' dir='ltr'><strong>regis</strong></span> <span class='ocrx_word' id='word_1_8' title='bbox 245 751 326 819; x_wconf 88' lang='lat' dir='ltr'>XIX,</span> <span class='ocrx_word' id='word_1_9' title='bbox 345 753 372 811; x_wconf 84' lang='lat'><strong>2.</strong></span> <span class='ocrx_word' id='word_1_10' title='bbox 397 753 444 833; x_wconf 77' lang='lat' dir='ltr'><strong>Cf,</strong></span> <span class='ocrx_word' id='word_1_11' title='bbox 465 754 556 811; x_wconf 82' lang='lat' dir='ltr'><strong>freda.</strong></span> <span class='ocrx_word' id='word_1_12' title='bbox 602 829 604 833; x_wconf 23' lang='grc' dir='ltr'>Ι</span> <span class='ocrx_word' id='word_1_13' title='bbox 953 811 956 818; x_wconf 79' lang='grc'>,</span> <span class='ocrx_word' id='word_1_14' title='bbox 1229 806 1233 812; x_wconf 92' lang='grc'><strong>.</strong></span> 
     </span>
     <span class='ocr_line' id='line_1_3' title="bbox 111 836 1219 919; baseline -0.001 -22"><span class='ocrx_word' id='word_1_15' title='bbox 111 858 227 915; x_wconf 74' lang='lat' dir='ltr'><strong>rugae</strong></span> <span class='ocrx_word' id='word_1_16' title='bbox 247 842 270 896; x_wconf 87' lang='lat' dir='ltr'><strong>si</strong></span> <span class='ocrx_word' id='word_1_17' title='bbox 290 861 376 919; x_wconf 77' lang='lat' dir='ltr'><strong>rugas</strong></span> <span class='ocrx_word' id='word_1_18' title='bbox 396 843 498 900; x_wconf 83' lang='lat' dir='ltr'><strong>frontis</strong></span> <span class='ocrx_word' id='word_1_19' title='bbox 518 841 651 898; x_wconf 86' lang='lat' dir='ltr'><strong>inciderit</strong></span> <span class='ocrx_word' id='word_1_20' title='bbox 670 838 766 903; x_wconf 90' lang='lat' dir='ltr'>XXII,</span> <span class='ocrx_word' id='word_1_21' title='bbox 789 837 905 895; x_wconf 90' lang='lat' dir='ltr'>lI-l3.</span> <span class='ocrx_word' id='word_1_22' title='bbox 925 836 1014 896; x_wconf 81' lang='lat' dir='ltr'><strong>Add.</strong></span> <span class='ocrx_word' id='word_1_23' title='bbox 1034 837 1093 902; x_wconf 91' lang='lat' dir='ltr'>III,</span> <span class='ocrx_word' id='word_1_24' title='bbox 1110 837 1157 896; x_wconf 88' lang='grc'><strong>20.</strong></span> <span class='ocrx_word' id='word_1_25' title='bbox 1170 837 1219 896; x_wconf 81' lang='grc'><strong>21.</strong></span> 
     </span>
     <span class='ocr_line' id='line_1_4' title="bbox 111 926 1213 1006; baseline -0.002 -22"><span class='ocrx_word' id='word_1_26' title='bbox 111 943 158 984; x_wconf 84' lang='lat' dir='ltr'><strong>ru</strong></span> <span class='ocrx_word' id='word_1_27' title='bbox 169 949 199 985; x_wconf 90' lang='lat' dir='ltr'><strong>m</strong></span> <span class='ocrx_word' id='word_1_28' title='bbox 210 950 230 1004; x_wconf 90' lang='lat' dir='ltr'>p</span> <span class='ocrx_word' id='word_1_29' title='bbox 241 949 256 985; x_wconf 93' lang='lat' dir='ltr'><strong>e</strong></span> <span class='ocrx_word' id='word_1_30' title='bbox 267 949 282 984; x_wconf 95' lang='lat' dir='ltr'><strong>r</strong></span> <span class='ocrx_word' id='word_1_31' title='bbox 292 949 327 989; x_wconf 73' lang='lat' dir='ltr'><strong>ee</strong></span> <span class='ocrx_word' id='word_1_32' title='bbox 356 933 380 988; x_wconf 85' lang='lat' dir='ltr'><strong>si</strong></span> <span class='ocrx_word' id='word_1_33' title='bbox 402 934 582 994; x_wconf 85' lang='lat' dir='ltr'><strong>membrana,</strong></span> <span class='ocrx_word' id='word_1_34' title='bbox 601 949 660 1005; x_wconf 87' lang='lat' dir='ltr'><strong>qua</strong></span> <span class='ocrx_word' id='word_1_35' title='bbox 679 930 829 986; x_wconf 88' lang='lat' dir='ltr'><strong>cerebrum</strong></span> <span class='ocrx_word' id='word_1_36' title='bbox 850 928 1023 992; x_wconf 76' lang='lat' dir='ltr'>continetur,</span> <span class='ocrx_word' id='word_1_37' title='bbox 1042 936 1129 1006; x_wconf 80' lang='lat' dir='ltr'><strong>rupta</strong></span> <span class='ocrx_word' id='word_1_38' title='bbox 1149 926 1213 984; x_wconf 88' lang='lat' dir='ltr'><strong>fue-</strong></span> 
     </span>
    </p>
   </div>
   <div class='ocr_carea' id='block_1_3' title="bbox 102 1017 593 1096">
    <p class='ocr_par' dir='ltr' id='par_1_3' title="bbox 102 1017 593 1096">
     <span class='ocr_line' id='line_1_5' title="bbox 102 1017 593 1096; baseline -0.024 -10"><span class='ocrx_word' id='word_1_39' title='bbox 102 1081 104 1086; x_wconf 93' lang='lat'><strong>.</strong></span> <span class='ocrx_word' id='word_1_40' title='bbox 151 1018 190 1072; x_wconf 86' lang='lat' dir='ltr'><strong>rit</strong></span> <span class='ocrx_word' id='word_1_41' title='bbox 209 1017 305 1083; x_wconf 84' lang='lat' dir='ltr'><strong>XXII,</strong></span> <span class='ocrx_word' id='word_1_42' title='bbox 324 1019 353 1077; x_wconf 88' lang='lat'><strong>8.</strong></span> <span class='ocrx_word' id='word_1_43' title='bbox 376 1019 423 1095; x_wconf 73' lang='lat' dir='ltr'><strong>Os.</strong></span> <span class='ocrx_word' id='word_1_44' title='bbox 441 1021 593 1096; x_wconf 71' lang='lat' dir='ltr'><strong>frangere.¹</strong></span> 
     </span>
    </p>
   </div>
   <div class='ocr_carea' id='block_1_4' title="bbox 112 1192 1331 1273">
    <p class='ocr_par' dir='ltr' id='par_1_4' title="bbox 112 1192 1331 1273">
     <span class='ocr_line' id='line_1_6' title="bbox 112 1192 1331 1273; baseline -0.006 -19"><span class='ocrx_word' id='word_1_45' title='bbox 112 1195 260 1254; x_wconf 71' lang='lat' dir='ltr'><strong>Sacrae</strong></span> <span class='ocrx_word' id='word_1_46' title='bbox 289 1195 339 1270; x_wconf 88' lang='lat' dir='ltr'><strong>qui</strong></span> <span class='ocrx_word' id='word_1_47' title='bbox 359 1197 401 1254; x_wconf 90' lang='lat' dir='ltr'><strong>ibi</strong></span> <span class='ocrx_word' id='word_1_48' title='bbox 422 1197 465 1270; x_wconf 82' lang='lat' dir='ltr'><strong>(in</strong></span> <span class='ocrx_word' id='word_1_49' title='bbox 485 1198 565 1273; x_wconf 84' lang='lat' dir='ltr'><strong>fano)</strong></span> <span class='ocrx_word' id='word_1_50' title='bbox 585 1195 698 1270; x_wconf 88' lang='lat' dir='ltr'><strong>aliquid</strong></span> <span class='ocrx_word' id='word_1_51' title='bbox 718 1195 754 1251; x_wconf 90' lang='lat' dir='ltr'><strong>de</strong></span> <span class='ocrx_word' id='word_1_52' title='bbox 773 1195 860 1252; x_wconf 85' lang='lat' dir='ltr'><strong>sacris</strong></span> <span class='ocrx_word' id='word_1_53' title='bbox 882 1195 979 1250; x_wconf 84' lang='lat' dir='ltr'><strong>tulerit</strong></span> <span class='ocrx_word' id='word_1_54' title='bbox 1001 1193 1090 1250; x_wconf 78' lang='lat' dir='ltr'><strong>Add.</strong></span> <span class='ocrx_word' id='word_1_55' title='bbox 1111 1192 1164 1258; x_wconf 91' lang='lat' dir='ltr'><strong>XI,</strong></span> <span class='ocrx_word' id='word_1_56' title='bbox 1188 1193 1212 1248; x_wconf 92' lang='lat' dir='ltr'><strong>l.</strong></span> <span class='ocrx_word' id='word_1_57' title='bbox 1329 1257 1331 1262; x_wconf 29' lang='grc' dir='ltr'>Ι</span> 
     </span>
    </p>
   </div>
   <div class='ocr_carea' id='block_1_5' title="bbox 34 1281 1233 4479">
    <p class='ocr_par' dir='ltr' id='par_1_5' title="bbox 34 1281 1233 4479">
     <span class='ocr_line' id='line_1_7' title="bbox 153 1281 347 1358; baseline 0.01 -20"><span class='ocrx_word' id='word_1_58' title='bbox 153 1281 201 1358; x_wconf 75' lang='lat' dir='ltr'><strong>Of.</strong></span> <span class='ocrx_word' id='word_1_59' title='bbox 221 1284 347 1346; x_wconf 69' lang='lat' dir='ltr'><strong>fanum.</strong></span> 
     </span>
     <span class='ocr_line' id='line_1_8' title="bbox 110 1369 1214 1450; baseline -0.002 -20"><span class='ocrx_word' id='word_1_60' title='bbox 110 1374 468 1432; x_wconf 75' lang='lat' dir='ltr'><strong>sacramentalise</strong></span> <span class='ocrx_word' id='word_1_61' title='bbox 499 1393 563 1432; x_wconf 87' lang='lat' dir='ltr'><strong>curu</strong></span> <span class='ocrx_word' id='word_1_62' title='bbox 594 1383 702 1450; x_wconf 83' lang='lat' dir='ltr'><strong>septem</strong></span> <span class='ocrx_word' id='word_1_63' title='bbox 731 1372 772 1445; x_wconf 84' lang='lat' dir='ltr'><strong>(l.</strong></span> <span class='ocrx_word' id='word_1_64' title='bbox 803 1371 831 1428; x_wconf 88' lang='lat'><strong>3.</strong></span> <span class='ocrx_word' id='word_1_65' title='bbox 861 1371 889 1430; x_wconf 84' lang='lat'><strong>5.</strong></span> <span class='ocrx_word' id='word_1_66' title='bbox 919 1370 947 1430; x_wconf 89' lang='grc'><strong>7.</strong></span> <span class='ocrx_word' id='word_1_67' title='bbox 972 1370 1015 1428; x_wconf 93' lang='lat' dir='ltr'><strong>ll.</strong></span> <span class='ocrx_word' id='word_1_68' title='bbox 1036 1369 1214 1446; x_wconf 81' lang='lat' dir='ltr'><strong>23.)sacra·</strong></span> 
     </span>
     <span class='ocr_line' id='line_1_9' title="bbox 150 1458 1211 1534; baseline 0 -16"><span class='ocrx_word' id='word_1_69' title='bbox 150 1463 326 1520; x_wconf 81' lang='lat' dir='ltr'><strong>mentalibus</strong></span> <span class='ocrx_word' id='word_1_70' title='bbox 356 1463 431 1520; x_wconf 90' lang='lat' dir='ltr'><strong>iuret</strong></span> <span class='ocrx_word' id='word_1_71' title='bbox 460 1463 485 1528; x_wconf 99' lang='grc' dir='ltr'><strong>Ι,</strong></span> <span class='ocrx_word' id='word_1_72' title='bbox 517 1463 545 1522; x_wconf 89' lang='grc'><strong>3.</strong></span> <span class='ocrx_word' id='word_1_73' title='bbox 576 1461 603 1520; x_wconf 91' lang='grc'><strong>6.</strong></span> <span class='ocrx_word' id='word_1_74' title='bbox 632 1465 660 1520; x_wconf 87' lang='grc'><strong>7.</strong></span> <span class='ocrx_word' id='word_1_75' title='bbox 690 1460 784 1522; x_wconf 81' lang='lat'><strong>9.16.</strong></span> <span class='ocrx_word' id='word_1_76' title='bbox 814 1460 861 1520; x_wconf 84' lang='lat'><strong>21.</strong></span> <span class='ocrx_word' id='word_1_77' title='bbox 890 1460 933 1525; x_wconf 89' lang='grc' dir='ltr'><strong>ΙΙ,</strong></span> <span class='ocrx_word' id='word_1_78' title='bbox 961 1461 988 1518; x_wconf 87' lang='grc'><strong>3.</strong></span> <span class='ocrx_word' id='word_1_79' title='bbox 1018 1460 1075 1524; x_wconf 82' lang='grc' dir='ltr'>ΙΙΙ,</span> <span class='ocrx_word' id='word_1_80' title='bbox 1107 1460 1130 1517; x_wconf 95' lang='lat' dir='ltr'><strong>l.</strong></span> <span class='ocrx_word' id='word_1_81' title='bbox 1162 1458 1211 1534; x_wconf 76' lang='lat' dir='ltr'><strong>Of.</strong></span> 
     </span>
     <span class='ocr_line' id='line_1_10' title="bbox 149 1553 466 1614; baseline 0.016 -7"><span class='ocrx_word' id='word_1_82' title='bbox 149 1553 271 1614; x_wconf 88' lang='lat' dir='ltr'><strong>iurator,</strong></span> <span class='ocrx_word' id='word_1_83' title='bbox 290 1555 466 1612; x_wconf 87' lang='lat' dir='ltr'><strong>coniurater.</strong></span> 
     </span>
     <span class='ocr_line' id='line_1_11' title="bbox 111 1636 1216 1719; baseline 0 -23"><span class='ocrx_word' id='word_1_84' title='bbox 111 1651 425 1699; x_wconf 78' lang='lat' dir='ltr'><strong>sacramentum:</strong></span> <span class='ocrx_word' id='word_1_85' title='bbox 448 1636 1216 1719; x_wconf 74' lang='lat' dir='ltr'><strong>a)1,lt.·12.17-19.11‚4-6.8-11.111‚5.X,</strong></span> 
     </span>
     <span class='ocr_line' id='line_1_12' title="bbox 153 1727 1212 1804; baseline -0.001 -20"><span class='ocrx_word' id='word_1_86' title='bbox 153 1731 179 1787; x_wconf 93' lang='lat' dir='ltr'><strong>l.</strong></span> <span class='ocrx_word' id='word_1_87' title='bbox 200 1729 254 1794; x_wconf 88' lang='lat' dir='ltr'><strong>XI,</strong></span> <span class='ocrx_word' id='word_1_88' title='bbox 278 1729 356 1787; x_wconf 85' lang='lat'><strong>1—3.</strong></span> <span class='ocrx_word' id='word_1_89' title='bbox 376 1729 455 1794; x_wconf 85' lang='lat' dir='ltr'>XIV,</span> <span class='ocrx_word' id='word_1_90' title='bbox 477 1729 556 1786; x_wconf 77' lang='lat' dir='ltr'><strong>l-tr.</strong></span> <span class='ocrx_word' id='word_1_91' title='bbox 575 1728 662 1786; x_wconf 82' lang='lat' dir='ltr'><strong>Add.</strong></span> <span class='ocrx_word' id='word_1_92' title='bbox 683 1727 804 1791; x_wconf 78' lang='lat'><strong>111.49.</strong></span> <span class='ocrx_word' id='word_1_93' title='bbox 833 1729 863 1804; x_wconf 77' lang='lat' dir='ltr'><strong>h)</strong></span> <span class='ocrx_word' id='word_1_94' title='bbox 885 1727 1000 1803; x_wconf 82' lang='lat' dir='ltr'><strong>Siquis</strong></span> <span class='ocrx_word' id='word_1_95' title='bbox 1021 1728 1105 1783; x_wconf 89' lang='lat' dir='ltr'><strong>homo</strong></span> <span class='ocrx_word' id='word_1_96' title='bbox 1124 1745 1212 1803; x_wconf 87' lang='lat' dir='ltr'><strong>super</strong></span> 
     </span>
     <span class='ocr_line' id='line_1_13' title="bbox 149 1815 1214 1894; baseline -0.006 -16"><span class='ocrx_word' id='word_1_97' title='bbox 149 1819 288 1894; x_wconf 80' lang='lat' dir='ltr'><strong>reliquias</strong></span> <span class='ocrx_word' id='word_1_98' title='bbox 308 1828 470 1876; x_wconf 84' lang='lat' dir='ltr'><strong>sanctorum</strong></span> <span class='ocrx_word' id='word_1_99' title='bbox 491 1821 595 1876; x_wconf 85' lang='lat' dir='ltr'><strong>falsum</strong></span> <span class='ocrx_word' id='word_1_100' title='bbox 616 1827 826 1876; x_wconf 87' lang='lat' dir='ltr'><strong>sacramentum</strong></span> <span class='ocrx_word' id='word_1_101' title='bbox 846 1816 984 1874; x_wconf 85' lang='lat' dir='ltr'><strong>iuraverit</strong></span> <span class='ocrx_word' id='word_1_102' title='bbox 1005 1815 1042 1879; x_wconf 92' lang='lat' dir='ltr'>X,</span> <span class='ocrx_word' id='word_1_103' title='bbox 1066 1816 1099 1890; x_wconf 72' lang='lat' dir='ltr'><strong>la</strong></span> <span class='ocrx_word' id='word_1_104' title='bbox 1119 1835 1214 1872; x_wconf 85' lang='lat' dir='ltr'><strong>sacra-</strong></span> 
     </span>
     <span class='ocr_line' id='line_1_14' title="bbox 151 1901 1213 1983; baseline -0.008 -15"><span class='ocrx_word' id='word_1_105' title='bbox 151 1919 283 1968; x_wconf 87' lang='lat' dir='ltr'><strong>mentum</strong></span> <span class='ocrx_word' id='word_1_106' title='bbox 310 1910 388 1983; x_wconf 85' lang='lat' dir='ltr'><strong>qued</strong></span> <span class='ocrx_word' id='word_1_107' title='bbox 416 1901 522 1966; x_wconf 84' lang='lat' dir='ltr'>nobIIis</span> <span class='ocrx_word' id='word_1_108' title='bbox 542 1910 637 1966; x_wconf 87' lang='lat' dir='ltr'><strong>iurare</strong></span> <span class='ocrx_word' id='word_1_109' title='bbox 657 1901 739 1965; x_wconf 82' lang='lat' dir='ltr'><strong>debet</strong></span> <span class='ocrx_word' id='word_1_110' title='bbox 760 1906 801 1971; x_wconf 90' lang='lat' dir='ltr'><strong>II,</strong></span> <span class='ocrx_word' id='word_1_111' title='bbox 821 1907 856 1972; x_wconf 75' lang='lat'>6,</span> <span class='ocrx_word' id='word_1_112' title='bbox 877 1907 945 1963; x_wconf 79' lang='lat' dir='ltr'><strong>litus</strong></span> <span class='ocrx_word' id='word_1_113' title='bbox 967 1907 1042 1963; x_wconf 85' lang='lat' dir='ltr'><strong>iuret</strong></span> <span class='ocrx_word' id='word_1_114' title='bbox 1063 1905 1213 1962; x_wconf 84' lang='lat' dir='ltr'><strong>medietate</strong></span> 
     </span>
     <span class='ocr_line' id='line_1_15' title="bbox 148 1993 1213 2074; baseline -0.007 -18"><span class='ocrx_word' id='word_1_115' title='bbox 148 2001 260 2056; x_wconf 88' lang='lat' dir='ltr'><strong>maiore</strong></span> <span class='ocrx_word' id='word_1_116' title='bbox 279 2009 466 2062; x_wconf 83' lang='lat' dir='ltr'><strong>sacramento,</strong></span> <span class='ocrx_word' id='word_1_117' title='bbox 484 2019 572 2074; x_wconf 87' lang='lat' dir='ltr'><strong>quam</strong></span> <span class='ocrx_word' id='word_1_118' title='bbox 594 1998 667 2055; x_wconf 89' lang='lat' dir='ltr'><strong>liber</strong></span> <span class='ocrx_word' id='word_1_119' title='bbox 686 1999 722 2053; x_wconf 92' lang='lat' dir='ltr'><strong>de</strong></span> <span class='ocrx_word' id='word_1_120' title='bbox 743 1997 833 2053; x_wconf 86' lang='lat' dir='ltr'><strong>nobili</strong></span> <span class='ocrx_word' id='word_1_121' title='bbox 854 1997 902 2071; x_wconf 84' lang='lat' dir='ltr'><strong>(de</strong></span> <span class='ocrx_word' id='word_1_122' title='bbox 922 1994 1025 2071; x_wconf 78' lang='lat' dir='ltr'><strong>libero)</strong></span> <span class='ocrx_word' id='word_1_123' title='bbox 1046 1996 1143 2052; x_wconf 90' lang='lat' dir='ltr'><strong>iurare</strong></span> <span class='ocrx_word' id='word_1_124' title='bbox 1163 1993 1213 2050; x_wconf 87' lang='lat' dir='ltr'><strong>de·</strong></span> 
     </span>
     <span class='ocr_line' id='line_1_16' title="bbox 120 2086 1211 2164; baseline -0.007 -17"><span class='ocrx_word' id='word_1_125' title='bbox 120 2135 123 2140; x_wconf 84' lang='grc'><strong>.</strong></span> <span class='ocrx_word' id='word_1_126' title='bbox 150 2091 219 2146; x_wconf 86' lang='lat' dir='ltr'><strong>beat</strong></span> <span class='ocrx_word' id='word_1_127' title='bbox 237 2087 280 2152; x_wconf 93' lang='lat' dir='ltr'><strong>II,</strong></span> <span class='ocrx_word' id='word_1_128' title='bbox 301 2087 333 2150; x_wconf 68' lang='lat'><strong>93</strong></span> <span class='ocrx_word' id='word_1_129' title='bbox 355 2088 441 2144; x_wconf 85' lang='lat' dir='ltr'><strong>buius</strong></span> <span class='ocrx_word' id='word_1_130' title='bbox 460 2088 546 2164; x_wconf 86' lang='lat' dir='ltr'><strong>pretii</strong></span> <span class='ocrx_word' id='word_1_131' title='bbox 567 2107 680 2144; x_wconf 83' lang='lat' dir='ltr'><strong>serrum</strong></span> <span class='ocrx_word' id='word_1_132' title='bbox 701 2087 788 2143; x_wconf 84' lang='lat' dir='ltr'><strong>fuisse</strong></span> <span class='ocrx_word' id='word_1_133' title='bbox 808 2086 943 2144; x_wconf 79' lang='lat' dir='ltr'><strong>dominus</strong></span> <span class='ocrx_word' id='word_1_134' title='bbox 962 2094 1140 2142; x_wconf 83' lang='lat' dir='ltr'><strong>sacramento</strong></span> <span class='ocrx_word' id='word_1_135' title='bbox 1160 2101 1211 2140; x_wconf 90' lang='lat' dir='ltr'><strong>suo</strong></span> 
     </span>
     <span class='ocr_line' id='line_1_17' title="bbox 147 2173 1212 2246; baseline -0.004 -12"><span class='ocrx_word' id='word_1_136' title='bbox 147 2179 259 2234; x_wconf 83' lang='lat' dir='ltr'><strong>iurarit</strong></span> <span class='ocrx_word' id='word_1_137' title='bbox 273 2177 299 2240; x_wconf 93' lang='grc' dir='ltr'><strong>Ι,</strong></span> <span class='ocrx_word' id='word_1_138' title='bbox 313 2178 364 2240; x_wconf 73' lang='grc' dir='ltr'><strong>ΙΙ,</strong></span> <span class='ocrx_word' id='word_1_139' title='bbox 385 2187 596 2234; x_wconf 86' lang='lat' dir='ltr'><strong>sacramentum</strong></span> <span class='ocrx_word' id='word_1_140' title='bbox 617 2197 683 2234; x_wconf 93' lang='lat' dir='ltr'><strong>cum</strong></span> <span class='ocrx_word' id='word_1_141' title='bbox 703 2177 815 2232; x_wconf 90' lang='lat' dir='ltr'><strong>duobus</strong></span> <span class='ocrx_word' id='word_1_142' title='bbox 835 2182 913 2246; x_wconf 87' lang='lat' dir='ltr'><strong>(cum</strong></span> <span class='ocrx_word' id='word_1_143' title='bbox 934 2183 1006 2243; x_wconf 85' lang='lat' dir='ltr'><strong>uno)</strong></span> <span class='ocrx_word' id='word_1_144' title='bbox 1025 2175 1100 2231; x_wconf 85' lang='lat' dir='ltr'><strong>iuret</strong></span> <span class='ocrx_word' id='word_1_145' title='bbox 1121 2173 1143 2238; x_wconf 93' lang='lat' dir='ltr'><strong>l,</strong></span> <span class='ocrx_word' id='word_1_146' title='bbox 1167 2173 1212 2230; x_wconf 82' lang='lat'><strong>17.</strong></span> 
     </span>
     <span class='ocr_line' id='line_1_18' title="bbox 43 2262 1211 2338; baseline -0.002 -16"><span class='ocrx_word' id='word_1_147' title='bbox 43 2287 52 2302; x_wconf 59' lang='lat'><strong>·‘</strong></span> <span class='ocrx_word' id='word_1_148' title='bbox 152 2267 199 2324; x_wconf 85' lang='lat'><strong>18.</strong></span> <span class='ocrx_word' id='word_1_149' title='bbox 220 2265 262 2330; x_wconf 94' lang='grc' dir='ltr'><strong>ΙΙ,</strong></span> <span class='ocrx_word' id='word_1_150' title='bbox 281 2265 314 2324; x_wconf 72' lang='grc' dir='ltr'><strong>[ιι</strong></span> <span class='ocrx_word' id='word_1_151' title='bbox 335 2266 417 2324; x_wconf 85' lang='lat' dir='ltr'><strong>liceat</strong></span> <span class='ocrx_word' id='word_1_152' title='bbox 438 2267 463 2322; x_wconf 89' lang='lat' dir='ltr'><strong>ei</strong></span> <span class='ocrx_word' id='word_1_153' title='bbox 483 2286 534 2322; x_wconf 88' lang='lat' dir='ltr'><strong>sua</strong></span> <span class='ocrx_word' id='word_1_154' title='bbox 554 2267 641 2322; x_wconf 88' lang='lat' dir='ltr'><strong>solius</strong></span> <span class='ocrx_word' id='word_1_155' title='bbox 652 2285 741 2322; x_wconf 88' lang='lat' dir='ltr'><strong>mauu</strong></span> <span class='ocrx_word' id='word_1_156' title='bbox 752 2273 961 2322; x_wconf 83' lang='lat' dir='ltr'><strong>sacramentum</strong></span> <span class='ocrx_word' id='word_1_157' title='bbox 972 2282 1108 2338; x_wconf 77' lang='lat' dir='ltr'><strong>peragere</strong></span> <span class='ocrx_word' id='word_1_158' title='bbox 1120 2262 1211 2320; x_wconf 80' lang='lat' dir='ltr'><strong>Add.</strong></span> 
     </span>
     <span class='ocr_line' id='line_1_19' title="bbox 149 2351 1215 2428; baseline -0.006 -16"><span class='ocrx_word' id='word_1_159' title='bbox 149 2353 284 2417; x_wconf 79' lang='lat'>111,49;</span> <span class='ocrx_word' id='word_1_160' title='bbox 305 2356 328 2411; x_wconf 89' lang='lat' dir='ltr'><strong>si</strong></span> <span class='ocrx_word' id='word_1_161' title='bbox 349 2365 445 2412; x_wconf 84' lang='lat' dir='ltr'><strong>autem</strong></span> <span class='ocrx_word' id='word_1_162' title='bbox 465 2375 494 2412; x_wconf 88' lang='lat' dir='ltr'><strong>se</strong></span> <span class='ocrx_word' id='word_1_163' title='bbox 514 2355 606 2411; x_wconf 89' lang='lat' dir='ltr'><strong>solum</strong></span> <span class='ocrx_word' id='word_1_164' title='bbox 627 2355 663 2410; x_wconf 87' lang='lat' dir='ltr'><strong>ad</strong></span> <span class='ocrx_word' id='word_1_165' title='bbox 684 2355 854 2410; x_wconf 82' lang='lat' dir='ltr'><strong>sacramenti</strong></span> <span class='ocrx_word' id='word_1_166' title='bbox 875 2354 1040 2428; x_wconf 72' lang='lat' dir='ltr'><strong>mysterium</strong></span> <span class='ocrx_word' id='word_1_167' title='bbox 1060 2351 1215 2428; x_wconf 84' lang='lat' dir='ltr'><strong>perficien-</strong></span> 
     </span>
     <span class='ocr_line' id='line_1_20' title="bbox 148 2443 1214 2519; baseline -0.002 -19"><span class='ocrx_word' id='word_1_168' title='bbox 148 2445 222 2500; x_wconf 89' lang='lat' dir='ltr'><strong>dum</strong></span> <span class='ocrx_word' id='word_1_169' title='bbox 251 2444 402 2518; x_wconf 81' lang='lat' dir='ltr'><strong>protulerit</strong></span> <span class='ocrx_word' id='word_1_170' title='bbox 430 2443 483 2509; x_wconf 92' lang='lat' dir='ltr'><strong>XI,</strong></span> <span class='ocrx_word' id='word_1_171' title='bbox 513 2443 549 2506; x_wconf 81' lang='lat'><strong>3;</strong></span> <span class='ocrx_word' id='word_1_172' title='bbox 569 2453 745 2519; x_wconf 86' lang='lat' dir='ltr'><strong>suaquarta</strong></span> <span class='ocrx_word' id='word_1_173' title='bbox 767 2444 869 2519; x_wconf 82' lang='lat' dir='ltr'><strong>(sexta)</strong></span> <span class='ocrx_word' id='word_1_174' title='bbox 892 2461 980 2498; x_wconf 88' lang='lat' dir='ltr'><strong>manu</strong></span> <span class='ocrx_word' id='word_1_175' title='bbox 1000 2449 1214 2498; x_wconf 80' lang='lat' dir='ltr'><strong>sacramentum</strong></span> 
     </span>
     <span class='ocr_line' id='line_1_21' title="bbox 148 2531 1215 2610; baseline -0.005 -22"><span class='ocrx_word' id='word_1_176' title='bbox 148 2532 281 2610; x_wconf 86' lang='lat' dir='ltr'><strong>perficiat</strong></span> <span class='ocrx_word' id='word_1_177' title='bbox 311 2532 335 2596; x_wconf 90' lang='grc' dir='ltr'><strong>Ι,</strong></span> <span class='ocrx_word' id='word_1_178' title='bbox 361 2533 415 2594; x_wconf 83' lang='grc'><strong>19;</strong></span> <span class='ocrx_word' id='word_1_179' title='bbox 436 2532 476 2596; x_wconf 90' lang='grc' dir='ltr'><strong>ΙΙ,</strong></span> <span class='ocrx_word' id='word_1_180' title='bbox 501 2532 758 2595; x_wconf 79' lang='lat' dir='ltr'><strong>103d0minusin</strong></span> <span class='ocrx_word' id='word_1_181' title='bbox 779 2531 946 2590; x_wconf 78' lang='lat' dir='ltr'><strong>vestimento</strong></span> <span class='ocrx_word' id='word_1_182' title='bbox 965 2550 1018 2587; x_wconf 89' lang='lat' dir='ltr'><strong>suo</strong></span> <span class='ocrx_word' id='word_1_183' title='bbox 1036 2536 1215 2589; x_wconf 80' lang='lat' dir='ltr'><strong>sacramento</strong></span> 
     </span>
     <span class='ocr_line' id='line_1_22' title="bbox 147 2618 1215 2698; baseline -0.003 -22"><span class='ocrx_word' id='word_1_184' title='bbox 147 2621 281 2698; x_wconf 86' lang='lat' dir='ltr'><strong>perficiat</strong></span> <span class='ocrx_word' id='word_1_185' title='bbox 313 2618 369 2684; x_wconf 90' lang='grc' dir='ltr'>ΙΙΙ,</span> <span class='ocrx_word' id='word_1_186' title='bbox 399 2621 437 2685; x_wconf 74' lang='grc'><strong>5,</strong></span> <span class='ocrx_word' id='word_1_187' title='bbox 469 2621 552 2678; x_wconf 89' lang='lat' dir='ltr'><strong>debet</strong></span> <span class='ocrx_word' id='word_1_188' title='bbox 572 2621 622 2678; x_wconf 92' lang='lat' dir='ltr'><strong>ille</strong></span> <span class='ocrx_word' id='word_1_189' title='bbox 641 2641 693 2678; x_wconf 88' lang='lat' dir='ltr'><strong>sua</strong></span> <span class='ocrx_word' id='word_1_190' title='bbox 712 2620 882 2678; x_wconf 87' lang='lat' dir='ltr'><strong>duodecima</strong></span> <span class='ocrx_word' id='word_1_191' title='bbox 903 2639 990 2676; x_wconf 87' lang='lat' dir='ltr'><strong>mauu</strong></span> <span class='ocrx_word' id='word_1_192' title='bbox 1011 2639 1041 2677; x_wconf 89' lang='lat' dir='ltr'><strong>se</strong></span> <span class='ocrx_word' id='word_1_193' title='bbox 1060 2618 1215 2696; x_wconf 87' lang='lat' dir='ltr'><strong>purificare</strong></span> 
     </span>
     <span class='ocr_line' id='line_1_23' title="bbox 148 2707 1213 2782; baseline -0.005 -15"><span class='ocrx_word' id='word_1_194' title='bbox 148 2711 233 2773; x_wconf 82' lang='lat' dir='ltr'>xlv,</span> <span class='ocrx_word' id='word_1_195' title='bbox 267 2709 299 2772; x_wconf 64' lang='lat' dir='ltr'><strong>la</strong></span> <span class='ocrx_word' id='word_1_196' title='bbox 319 2728 384 2765; x_wconf 90' lang='lat' dir='ltr'><strong>cum</strong></span> <span class='ocrx_word' id='word_1_197' title='bbox 405 2711 635 2768; x_wconf 83' lang='lat' dir='ltr'><strong>coniuratoribus</strong></span> <span class='ocrx_word' id='word_1_198' title='bbox 654 2710 713 2766; x_wconf 88' lang='lat' dir='ltr'><strong>suis</strong></span> <span class='ocrx_word' id='word_1_199' title='bbox 731 2718 911 2765; x_wconf 84' lang='lat' dir='ltr'><strong>sacramento</strong></span> <span class='ocrx_word' id='word_1_200' title='bbox 930 2727 959 2764; x_wconf 88' lang='lat' dir='ltr'><strong>se</strong></span> <span class='ocrx_word' id='word_1_201' title='bbox 978 2727 1103 2782; x_wconf 79' lang='lat' dir='ltr'><strong>purgare</strong></span> <span class='ocrx_word' id='word_1_202' title='bbox 1124 2707 1213 2764; x_wconf 82' lang='lat' dir='ltr'><strong>veluit</strong></span> 
     </span>
     <span class='ocr_line' id='line_1_24' title="bbox 148 2796 1212 2873; baseline -0.003 -17"><span class='ocrx_word' id='word_1_203' title='bbox 148 2799 234 2864; x_wconf 84' lang='lat' dir='ltr'>XIV,</span> <span class='ocrx_word' id='word_1_204' title='bbox 265 2797 303 2862; x_wconf 69' lang='grc' dir='ltr'><strong>[ιι</strong></span> <span class='ocrx_word' id='word_1_205' title='bbox 334 2818 384 2854; x_wconf 89' lang='lat' dir='ltr'><strong>sua</strong></span> <span class='ocrx_word' id='word_1_206' title='bbox 415 2799 583 2856; x_wconf 83' lang='lat' dir='ltr'><strong>duodecima</strong></span> <span class='ocrx_word' id='word_1_207' title='bbox 613 2817 705 2856; x_wconf 85' lang='lat' dir='ltr'><strong>manu</strong></span> <span class='ocrx_word' id='word_1_208' title='bbox 723 2798 891 2873; x_wconf 87' lang='lat' dir='ltr'><strong>perfecterie</strong></span> <span class='ocrx_word' id='word_1_209' title='bbox 912 2797 1035 2870; x_wconf 82' lang='lat' dir='ltr'><strong>(emend.</strong></span> <span class='ocrx_word' id='word_1_210' title='bbox 1056 2796 1212 2872; x_wconf 84' lang='lat' dir='ltr'><strong>purifecto-</strong></span> 
     </span>
     <span class='ocr_line' id='line_1_25' title="bbox 148 2884 1211 2958; baseline -0.004 -12"><span class='ocrx_word' id='word_1_211' title='bbox 148 2889 233 2958; x_wconf 57' lang='lat' dir='ltr'><strong>riost)</strong></span> <span class='ocrx_word' id='word_1_212' title='bbox 253 2896 430 2944; x_wconf 84' lang='lat' dir='ltr'><strong>sacramento</strong></span> <span class='ocrx_word' id='word_1_213' title='bbox 451 2908 479 2944; x_wconf 91' lang='lat' dir='ltr'><strong>se</strong></span> <span class='ocrx_word' id='word_1_214' title='bbox 500 2888 583 2956; x_wconf 89' lang='lat' dir='ltr'><strong>debet</strong></span> <span class='ocrx_word' id='word_1_215' title='bbox 603 2905 737 2952; x_wconf 83' lang='lat' dir='ltr'><strong>excusare</strong></span> <span class='ocrx_word' id='word_1_216' title='bbox 756 2886 836 2950; x_wconf 80' lang='lat' dir='ltr'>XIV,</span> <span class='ocrx_word' id='word_1_217' title='bbox 857 2884 893 2952; x_wconf 78' lang='lat'><strong>23</strong></span> <span class='ocrx_word' id='word_1_218' title='bbox 915 2895 1092 2942; x_wconf 83' lang='lat' dir='ltr'><strong>sacramento</strong></span> <span class='ocrx_word' id='word_1_219' title='bbox 1112 2905 1141 2942; x_wconf 89' lang='lat' dir='ltr'><strong>se</strong></span> <span class='ocrx_word' id='word_1_220' title='bbox 1163 2901 1211 2942; x_wconf 81' lang='lat' dir='ltr'><strong>ex·</strong></span> 
     </span>
     <span class='ocr_line' id='line_1_26' title="bbox 148 2966 1213 3050; baseline -0.003 -17"><span class='ocrx_word' id='word_1_221' title='bbox 148 2987 232 3034; x_wconf 85' lang='lat' dir='ltr'><strong>cuset</strong></span> <span class='ocrx_word' id='word_1_222' title='bbox 248 2966 303 3039; x_wconf 86' lang='lat' dir='ltr'><strong>II,</strong></span> <span class='ocrx_word' id='word_1_223' title='bbox 324 2975 359 3041; x_wconf 72' lang='lat'><strong>63</strong></span> <span class='ocrx_word' id='word_1_224' title='bbox 392 2976 498 3033; x_wconf 87' lang='lat' dir='ltr'><strong>maiore</strong></span> <span class='ocrx_word' id='word_1_225' title='bbox 536 2977 580 3034; x_wconf 87' lang='lat' dir='ltr'><strong>rel</strong></span> <span class='ocrx_word' id='word_1_226' title='bbox 611 2977 722 3033; x_wconf 86' lang='lat' dir='ltr'><strong>minore</strong></span> <span class='ocrx_word' id='word_1_227' title='bbox 753 2983 944 3040; x_wconf 88' lang='lat' dir='ltr'><strong>sacramento,</strong></span> <span class='ocrx_word' id='word_1_228' title='bbox 973 2984 1058 3050; x_wconf 87' lang='lat' dir='ltr'><strong>prout</strong></span> <span class='ocrx_word' id='word_1_229' title='bbox 1088 2975 1213 3050; x_wconf 85' lang='lat' dir='ltr'><strong>qualitas</strong></span> 
     </span>
     <span class='ocr_line' id='line_1_27' title="bbox 149 3062 1210 3142; baseline -0.002 -21"><span class='ocrx_word' id='word_1_230' title='bbox 149 3065 290 3142; x_wconf 85' lang='lat' dir='ltr'><strong>pecuniae</strong></span> <span class='ocrx_word' id='word_1_231' title='bbox 309 3067 407 3130; x_wconf 86' lang='lat' dir='ltr'><strong>fuerit,</strong></span> <span class='ocrx_word' id='word_1_232' title='bbox 425 3085 454 3122; x_wconf 88' lang='lat' dir='ltr'><strong>se</strong></span> <span class='ocrx_word' id='word_1_233' title='bbox 474 3085 607 3122; x_wconf 84' lang='lat' dir='ltr'><strong>excusare</strong></span> <span class='ocrx_word' id='word_1_234' title='bbox 628 3065 742 3122; x_wconf 91' lang='lat' dir='ltr'><strong>debebit</strong></span> <span class='ocrx_word' id='word_1_235' title='bbox 764 3064 804 3127; x_wconf 92' lang='lat' dir='ltr'><strong>ll,</strong></span> <span class='ocrx_word' id='word_1_236' title='bbox 827 3063 871 3120; x_wconf 91' lang='lat' dir='ltr'><strong>ll.</strong></span> <span class='ocrx_word' id='word_1_237' title='bbox 892 3062 919 3128; x_wconf 92' lang='lat' dir='ltr'><strong>I,</strong></span> <span class='ocrx_word' id='word_1_238' title='bbox 942 3063 989 3127; x_wconf 82' lang='lat'><strong>12;</strong></span> <span class='ocrx_word' id='word_1_239' title='bbox 1010 3083 1061 3140; x_wconf 82' lang='lat' dir='ltr'><strong>ego</strong></span> <span class='ocrx_word' id='word_1_240' title='bbox 1089 3073 1210 3136; x_wconf 76' lang='lat' dir='ltr'><strong>tecum</strong></span> 
     </span>
     <span class='ocr_line' id='line_1_28' title="bbox 149 3151 1215 3217; baseline -0.005 -5"><span class='ocrx_word' id='word_1_241' title='bbox 149 3155 383 3212; x_wconf 86' lang='lat' dir='ltr'><strong>coniuratoribus</strong></span> <span class='ocrx_word' id='word_1_242' title='bbox 412 3155 515 3214; x_wconf 88' lang='lat' dir='ltr'><strong>meis..</strong></span> <span class='ocrx_word' id='word_1_243' title='bbox 549 3163 726 3211; x_wconf 84' lang='lat' dir='ltr'><strong>sacramento</strong></span> <span class='ocrx_word' id='word_1_244' title='bbox 756 3173 818 3210; x_wconf 87' lang='lat' dir='ltr'><strong>mec</strong></span> <span class='ocrx_word' id='word_1_245' title='bbox 838 3154 910 3210; x_wconf 89' lang='lat' dir='ltr'><strong>mibi</strong></span> <span class='ocrx_word' id='word_1_246' title='bbox 930 3153 1014 3210; x_wconf 86' lang='lat' dir='ltr'><strong>litum</strong></span> <span class='ocrx_word' id='word_1_247' title='bbox 1034 3154 1137 3210; x_wconf 84' lang='lat' dir='ltr'><strong>faciem</strong></span> <span class='ocrx_word' id='word_1_248' title='bbox 1159 3151 1215 3217; x_wconf 90' lang='lat' dir='ltr'><strong>XI,</strong></span> 
     </span>
     <span class='ocr_line' id='line_1_29' title="bbox 75 3240 1214 3316; baseline -0.002 -16"><span class='ocrx_word' id='word_1_249' title='bbox 75 3269 77 3272; x_wconf 95' lang='lat'>·</span> <span class='ocrx_word' id='word_1_250' title='bbox 153 3245 190 3308; x_wconf 72' lang='lat'><strong>13</strong></span> <span class='ocrx_word' id='word_1_251' title='bbox 219 3253 396 3302; x_wconf 81' lang='lat' dir='ltr'><strong>sacramente</strong></span> <span class='ocrx_word' id='word_1_252' title='bbox 426 3253 474 3300; x_wconf 89' lang='lat' dir='ltr'><strong>tuo</strong></span> <span class='ocrx_word' id='word_1_253' title='bbox 502 3243 539 3299; x_wconf 90' lang='lat' dir='ltr'><strong>ad</strong></span> <span class='ocrx_word' id='word_1_254' title='bbox 558 3245 721 3300; x_wconf 84' lang='lat' dir='ltr'><strong>servitutem</strong></span> <span class='ocrx_word' id='word_1_255' title='bbox 742 3262 787 3298; x_wconf 92' lang='lat' dir='ltr'><strong>me</strong></span> <span class='ocrx_word' id='word_1_256' title='bbox 807 3243 929 3315; x_wconf 88' lang='lat' dir='ltr'><strong>adquire</strong></span> <span class='ocrx_word' id='word_1_257' title='bbox 949 3241 1001 3306; x_wconf 88' lang='lat' dir='ltr'><strong>XI,</strong></span> <span class='ocrx_word' id='word_1_258' title='bbox 1021 3240 1055 3304; x_wconf 72' lang='lat'><strong>23</strong></span> <span class='ocrx_word' id='word_1_259' title='bbox 1076 3259 1149 3316; x_wconf 78' lang='lat' dir='ltr'><strong>nega</strong></span> <span class='ocrx_word' id='word_1_260' title='bbox 1168 3260 1214 3298; x_wconf 85' lang='lat' dir='ltr'><strong>sa·</strong></span> 
     </span>
     <span class='ocr_line' id='line_1_30' title="bbox 150 3332 1233 3406; baseline -0.003 -18"><span class='ocrx_word' id='word_1_261' title='bbox 150 3341 333 3388; x_wconf 83' lang='lat' dir='ltr'><strong>crementum</strong></span> <span class='ocrx_word' id='word_1_262' title='bbox 355 3353 450 3389; x_wconf 87' lang='lat' dir='ltr'><strong>meum</strong></span> <span class='ocrx_word' id='word_1_263' title='bbox 469 3332 522 3396; x_wconf 89' lang='lat' dir='ltr'><strong>XI,</strong></span> <span class='ocrx_word' id='word_1_264' title='bbox 542 3333 569 3390; x_wconf 89' lang='lat'><strong>3.</strong></span> <span class='ocrx_word' id='word_1_265' title='bbox 601 3333 648 3406; x_wconf 71' lang='lat' dir='ltr'><strong>(Is.</strong></span> <span class='ocrx_word' id='word_1_266' title='bbox 670 3333 776 3394; x_wconf 86' lang='lat' dir='ltr'><strong>iurare,</strong></span> <span class='ocrx_word' id='word_1_267' title='bbox 797 3349 909 3399; x_wconf 81' lang='lat' dir='ltr'><strong>manus.</strong></span> <span class='ocrx_word' id='word_1_268' title='bbox 984 3390 985 3394; x_wconf 52' lang='grc'>,</span> <span class='ocrx_word' id='word_1_269' title='bbox 1185 3396 1187 3400; x_wconf 92' lang='lat'><strong>.</strong></span> <span class='ocrx_word' id='word_1_270' title='bbox 1230 3392 1233 3397; x_wconf 44' lang='grc'>,</span> 
     </span>
     <span class='ocr_line' id='line_1_31' title="bbox 109 3417 1215 3497; baseline -0.001 -18"><span class='ocrx_word' id='word_1_271' title='bbox 109 3441 154 3479; x_wconf 87' lang='lat' dir='ltr'><strong>sa</strong></span> <span class='ocrx_word' id='word_1_272' title='bbox 168 3440 187 3497; x_wconf 78' lang='lat' dir='ltr'><strong>g</strong></span> <span class='ocrx_word' id='word_1_273' title='bbox 199 3421 207 3474; x_wconf 91' lang='lat' dir='ltr'><strong>i</strong></span> <span class='ocrx_word' id='word_1_274' title='bbox 220 3430 296 3478; x_wconf 76' lang='lat' dir='ltr'><strong>ttae</strong></span> <span class='ocrx_word' id='word_1_275' title='bbox 326 3423 377 3496; x_wconf 89' lang='lat' dir='ltr'><strong>qui</strong></span> <span class='ocrx_word' id='word_1_276' title='bbox 397 3423 529 3478; x_wconf 82' lang='lat' dir='ltr'><strong>maxillae</strong></span> <span class='ocrx_word' id='word_1_277' title='bbox 548 3421 649 3496; x_wconf 80' lang='lat' dir='ltr'><strong>sagitta</strong></span> <span class='ocrx_word' id='word_1_278' title='bbox 671 3420 846 3478; x_wconf 75' lang='lat' dir='ltr'><strong>irarrsfixerit</strong></span> <span class='ocrx_word' id='word_1_279' title='bbox 865 3417 961 3482; x_wconf 87' lang='lat' dir='ltr'>XXII,</span> <span class='ocrx_word' id='word_1_280' title='bbox 978 3417 1026 3476; x_wconf 90' lang='lat'><strong>85.</strong></span> <span class='ocrx_word' id='word_1_281' title='bbox 1049 3418 1095 3495; x_wconf 78' lang='lat' dir='ltr'><strong>Os.</strong></span> <span class='ocrx_word' id='word_1_282' title='bbox 1117 3419 1215 3478; x_wconf 87' lang='lat' dir='ltr'><strong>telum.</strong></span> 
     </span>
     <span class='ocr_line' id='line_1_32' title="bbox 110 3511 1217 3588; baseline -0.004 -18"><span class='ocrx_word' id='word_1_283' title='bbox 110 3528 216 3585; x_wconf 76' lang='lat' dir='ltr'><strong>sagu</strong></span> <span class='ocrx_word' id='word_1_284' title='bbox 228 3529 274 3565; x_wconf 89' lang='lat' dir='ltr'><strong>m=</strong></span> <span class='ocrx_word' id='word_1_285' title='bbox 294 3511 432 3586; x_wconf 88' lang='lat' dir='ltr'><strong>producat</strong></span> <span class='ocrx_word' id='word_1_286' title='bbox 452 3511 600 3588; x_wconf 85' lang='lat' dir='ltr'><strong>homiuem</strong></span> <span class='ocrx_word' id='word_1_287' title='bbox 626 3519 653 3566; x_wconf 88' lang='lat' dir='ltr'><strong>et</strong></span> <span class='ocrx_word' id='word_1_288' title='bbox 681 3511 756 3572; x_wconf 85' lang='lat' dir='ltr'><strong>iuret</strong></span> <span class='ocrx_word' id='word_1_289' title='bbox 776 3519 882 3586; x_wconf 51' lang='lat' dir='ltr'><strong>teneus¹</strong></span> <span class='ocrx_word' id='word_1_290' title='bbox 895 3527 962 3576; x_wconf 87' lang='lat' dir='ltr'><strong>eum</strong></span> <span class='ocrx_word' id='word_1_291' title='bbox 982 3528 1131 3585; x_wconf 81' lang='lat' dir='ltr'><strong>perorem</strong></span> <span class='ocrx_word' id='word_1_292' title='bbox 1151 3511 1217 3585; x_wconf 76' lang='lat' dir='ltr'><strong>sagi</strong></span> 
     </span>
     <span class='ocr_line' id='line_1_33' title="bbox 34 3598 708 3674; baseline -0.001 -18"><span class='ocrx_word' id='word_1_293' title='bbox 34 3621 36 3624; x_wconf 91' lang='lat'>·</span> <span class='ocrx_word' id='word_1_294' title='bbox 150 3600 198 3656; x_wconf 81' lang='lat' dir='ltr'><strong>sui</strong></span> <span class='ocrx_word' id='word_1_295' title='bbox 218 3598 294 3662; x_wconf 84' lang='lat' dir='ltr'>XIV,</span> <span class='ocrx_word' id='word_1_296' title='bbox 315 3599 343 3658; x_wconf 82' lang='lat'><strong>5.</strong></span> <span class='ocrx_word' id='word_1_297' title='bbox 367 3600 413 3674; x_wconf 79' lang='lat' dir='ltr'><strong>Of.</strong></span> <span class='ocrx_word' id='word_1_298' title='bbox 434 3601 540 3657; x_wconf 89' lang='lat' dir='ltr'><strong>iurare.</strong></span> <span class='ocrx_word' id='word_1_299' title='bbox 705 3612 708 3615; x_wconf 89' lang='grc'>’</span> 
     </span>
     <span class='ocr_line' id='line_1_34' title="bbox 109 3686 1211 3754; baseline 0.001 -10"><span class='ocrx_word' id='word_1_300' title='bbox 109 3707 286 3746; x_wconf 81' lang='lat' dir='ltr'><strong>sanare:</strong></span> <span class='ocrx_word' id='word_1_301' title='bbox 318 3689 342 3743; x_wconf 90' lang='lat' dir='ltr'><strong>si</strong></span> <span class='ocrx_word' id='word_1_302' title='bbox 378 3689 484 3747; x_wconf 77' lang='lat' dir='ltr'><strong>vulnus</strong></span> <span class='ocrx_word' id='word_1_303' title='bbox 519 3697 657 3754; x_wconf 29' lang='lat' dir='ltr'><strong>sanatum·</strong></span> <span class='ocrx_word' id='word_1_304' title='bbox 690 3687 850 3750; x_wconf 77' lang='lat' dir='ltr'><strong>cicatricem</strong></span> <span class='ocrx_word' id='word_1_305' title='bbox 880 3686 995 3744; x_wconf 83' lang='lat' dir='ltr'><strong>duxerit</strong></span> <span class='ocrx_word' id='word_1_306' title='bbox 1025 3686 1113 3746; x_wconf 68' lang='lat' dir='ltr'><strong>Actu.</strong></span> <span class='ocrx_word' id='word_1_307' title='bbox 1144 3688 1211 3752; x_wconf 89' lang='lat' dir='ltr'>III,</span> 
     </span>
     <span class='ocr_line' id='line_1_35' title="bbox 151 3773 1213 3852; baseline -0.001 -18"><span class='ocrx_word' id='word_1_308' title='bbox 151 3775 210 3838; x_wconf 79' lang='lat' dir='ltr'><strong>3t;</strong></span> <span class='ocrx_word' id='word_1_309' title='bbox 240 3777 263 3832; x_wconf 92' lang='lat' dir='ltr'><strong>si</strong></span> <span class='ocrx_word' id='word_1_310' title='bbox 284 3776 388 3834; x_wconf 82' lang='lat' dir='ltr'><strong>vulnus</strong></span> <span class='ocrx_word' id='word_1_311' title='bbox 407 3776 503 3833; x_wconf 83' lang='lat' dir='ltr'><strong>sanari</strong></span> <span class='ocrx_word' id='word_1_312' title='bbox 523 3795 580 3832; x_wconf 87' lang='lat' dir='ltr'><strong>nen</strong></span> <span class='ocrx_word' id='word_1_313' title='bbox 601 3775 688 3852; x_wconf 77' lang='lat' dir='ltr'><strong>possit</strong></span> <span class='ocrx_word' id='word_1_314' title='bbox 708 3777 799 3833; x_wconf 78' lang='lat' dir='ltr'><strong>Add.</strong></span> <span class='ocrx_word' id='word_1_315' title='bbox 818 3775 877 3840; x_wconf 90' lang='grc' dir='ltr'>ΙΙΙ,</span> <span class='ocrx_word' id='word_1_316' title='bbox 895 3773 943 3833; x_wconf 79' lang='lat'><strong>45.</strong></span> <span class='ocrx_word' id='word_1_317' title='bbox 964 3773 1010 3849; x_wconf 83' lang='lat' dir='ltr'><strong>Cf.</strong></span> <span class='ocrx_word' id='word_1_318' title='bbox 1031 3776 1164 3834; x_wconf 84' lang='lat' dir='ltr'><strong>claudere</strong></span> <span class='ocrx_word' id='word_1_319' title='bbox 1184 3785 1213 3833; x_wconf 85' lang='lat' dir='ltr'><strong>et</strong></span> 
     </span>
     <span class='ocr_line' id='line_1_36' title="bbox 150 3867 267 3924; baseline -0.009 0"><span class='ocrx_word' id='word_1_320' title='bbox 150 3867 267 3924; x_wconf 80' lang='lat' dir='ltr'><strong>vulnus.</strong></span> 
     </span>
     <span class='ocr_line' id='line_1_37' title="bbox 109 3953 1211 4033; baseline 0 -19"><span class='ocrx_word' id='word_1_321' title='bbox 109 3963 307 4031; x_wconf 81' lang='lat' dir='ltr'><strong>sanctus:</strong></span> <span class='ocrx_word' id='word_1_322' title='bbox 338 3955 478 4032; x_wconf 83' lang='lat' dir='ltr'><strong>reliquiae</strong></span> <span class='ocrx_word' id='word_1_323' title='bbox 508 3963 672 4012; x_wconf 82' lang='lat' dir='ltr'><strong>sanctorum</strong></span> <span class='ocrx_word' id='word_1_324' title='bbox 701 3953 740 4020; x_wconf 84' lang='lat' dir='ltr'>X,</span> <span class='ocrx_word' id='word_1_325' title='bbox 772 3954 796 4015; x_wconf 91' lang='lat' dir='ltr'><strong>l.</strong></span> <span class='ocrx_word' id='word_1_326' title='bbox 826 3953 895 4018; x_wconf 86' lang='lat' dir='ltr'>XII,</span> <span class='ocrx_word' id='word_1_327' title='bbox 918 3953 942 4012; x_wconf 95' lang='lat' dir='ltr'><strong>l.</strong></span> <span class='ocrx_word' id='word_1_328' title='bbox 964 3955 1043 4019; x_wconf 84' lang='lat' dir='ltr'>XIV,</span> <span class='ocrx_word' id='word_1_329' title='bbox 1066 3955 1091 4012; x_wconf 92' lang='lat' dir='ltr'><strong>l.</strong></span> <span class='ocrx_word' id='word_1_330' title='bbox 1113 3955 1140 4012; x_wconf 87' lang='lat'><strong>3.</strong></span> <span class='ocrx_word' id='word_1_331' title='bbox 1164 3955 1211 4033; x_wconf 77' lang='lat' dir='ltr'><strong>Os.</strong></span> 
     </span>
     <span class='ocr_line' id='line_1_38' title="bbox 150 4044 299 4118; baseline 0.007 -16"><span class='ocrx_word' id='word_1_332' title='bbox 150 4044 299 4118; x_wconf 85' lang='lat' dir='ltr'><strong>reliquiae.</strong></span> 
     </span>
     <span class='ocr_line' id='line_1_39' title="bbox 110 4131 1213 4209; baseline 0 -17"><span class='ocrx_word' id='word_1_333' title='bbox 110 4134 310 4208; x_wconf 75' lang='lat' dir='ltr'><strong>sanguise</strong></span> <span class='ocrx_word' id='word_1_334' title='bbox 338 4134 363 4190; x_wconf 88' lang='lat' dir='ltr'><strong>si</strong></span> <span class='ocrx_word' id='word_1_335' title='bbox 392 4133 456 4207; x_wconf 84' lang='lat' dir='ltr'><strong>quie</strong></span> <span class='ocrx_word' id='word_1_336' title='bbox 484 4132 574 4191; x_wconf 85' lang='lat' dir='ltr'><strong>alium</strong></span> <span class='ocrx_word' id='word_1_337' title='bbox 602 4133 643 4188; x_wconf 87' lang='lat' dir='ltr'><strong>ita</strong></span> <span class='ocrx_word' id='word_1_338' title='bbox 673 4131 845 4209; x_wconf 82' lang='lat' dir='ltr'><strong>percusserit</strong></span> <span class='ocrx_word' id='word_1_339' title='bbox 866 4141 896 4190; x_wconf 84' lang='lat' dir='ltr'><strong>ut</strong></span> <span class='ocrx_word' id='word_1_340' title='bbox 915 4133 1085 4208; x_wconf 76' lang='lat' dir='ltr'><strong>sanguinem</strong></span> <span class='ocrx_word' id='word_1_341' title='bbox 1105 4134 1213 4192; x_wconf 83' lang='lat' dir='ltr'><strong>fuderit</strong></span> 
     </span>
     <span class='ocr_line' id='line_1_40' title="bbox 152 4220 1214 4300; baseline 0.005 -22"><span class='ocrx_word' id='word_1_342' title='bbox 152 4222 318 4298; x_wconf 84' lang='lat' dir='ltr'><strong>(dimiserit)</strong></span> <span class='ocrx_word' id='word_1_343' title='bbox 350 4221 445 4286; x_wconf 86' lang='lat' dir='ltr'>XXII,</span> <span class='ocrx_word' id='word_1_344' title='bbox 475 4220 502 4278; x_wconf 77' lang='lat'><strong>4.</strong></span> <span class='ocrx_word' id='word_1_345' title='bbox 534 4221 625 4279; x_wconf 78' lang='lat' dir='ltr'><strong>Add.</strong></span> <span class='ocrx_word' id='word_1_346' title='bbox 655 4220 713 4286; x_wconf 92' lang='lat' dir='ltr'>III,</span> <span class='ocrx_word' id='word_1_347' title='bbox 743 4221 798 4286; x_wconf 73' lang='lat'><strong>1133</strong></span> <span class='ocrx_word' id='word_1_348' title='bbox 828 4221 937 4295; x_wconf 86' lang='lat' dir='ltr'><strong>siquis</strong></span> <span class='ocrx_word' id='word_1_349' title='bbox 958 4222 1047 4288; x_wconf 79' lang='lat' dir='ltr'><strong>elium</strong></span> <span class='ocrx_word' id='word_1_350' title='bbox 1069 4224 1214 4300; x_wconf 74' lang='lat' dir='ltr'><strong>unguibus</strong></span> 
     </span>
     <span class='ocr_line' id='line_1_41' title="bbox 151 4310 1215 4387; baseline 0.005 -19"><span class='ocrx_word' id='word_1_351' title='bbox 151 4313 316 4377; x_wconf 82' lang='lat' dir='ltr'><strong>cratarerit,</strong></span> <span class='ocrx_word' id='word_1_352' title='bbox 346 4319 378 4368; x_wconf 92' lang='lat' dir='ltr'><strong>ut</strong></span> <span class='ocrx_word' id='word_1_353' title='bbox 407 4329 465 4372; x_wconf 79' lang='lat' dir='ltr'><strong>uon</strong></span> <span class='ocrx_word' id='word_1_354' title='bbox 492 4311 609 4387; x_wconf 76' lang='lat' dir='ltr'><strong>sanguia</strong></span> <span class='ocrx_word' id='word_1_355' title='bbox 638 4310 687 4373; x_wconf 81' lang='lat' dir='ltr'><strong>sed</strong></span> <span class='ocrx_word' id='word_1_356' title='bbox 718 4311 822 4374; x_wconf 88' lang='lat' dir='ltr'><strong>bumer</strong></span> <span class='ocrx_word' id='word_1_357' title='bbox 840 4329 948 4386; x_wconf 70' lang='lat' dir='ltr'><strong>aqueae</strong></span> <span class='ocrx_word' id='word_1_358' title='bbox 967 4312 1103 4382; x_wconf 75' lang='lat' dir='ltr'><strong>deeurrat</strong></span> <span class='ocrx_word' id='word_1_359' title='bbox 1124 4314 1215 4382; x_wconf 77' lang='lat' dir='ltr'><strong>Add.</strong></span> 
     </span>
     <span class='ocr_line' id='line_1_42' title="bbox 159 4399 532 4479; baseline -0.005 -19"><span class='ocrx_word' id='word_1_360' title='bbox 159 4400 216 4468; x_wconf 92' lang='lat' dir='ltr'>III,</span> <span class='ocrx_word' id='word_1_361' title='bbox 237 4400 284 4462; x_wconf 77' lang='lat' dir='ltr'><strong>II.</strong></span> <span class='ocrx_word' id='word_1_362' title='bbox 307 4399 354 4476; x_wconf 78' lang='lat' dir='ltr'><strong>Os.</strong></span> <span class='ocrx_word' id='word_1_363' title='bbox 374 4408 532 4479; x_wconf 84' lang='lat' dir='ltr'><strong>percutere.</strong></span> 
     </span>
    </p>
   </div>
   <div class='ocr_carea' id='block_1_6' title="bbox 0 0 1583 5464">
    <p class='ocr_par' dir='ltr' id='par_1_6' title="bbox 0 0 1583 5464">
     <span class='ocr_line' id='line_1_43' title="bbox 0 0 1583 5464; baseline 0 0"><span class='ocrx_word' id='word_1_364' title='bbox 0 0 1583 5464; x_wconf 95' lang='lat' dir='ltr'><strong> </strong></span> 
     </span>
    </p>
   </div>
  </div>
 </body>
</html>
